2222 2987
1047 260 1118 290 XV

185 363 230 385 eo
254 353 432 393 paullatim
456 363 646 392 progressa
670 357 732 387 est,
758 358 802 387 ut,
828 352 885 382 ubi
908 352 958 383 rei
983 357 1017 383 et
1043 353 1202 383 carminis
1227 353 1369 383 consilio
1393 353 1577 383 convenire
1602 354 1784 391 videretur,
1819 357 1924 386 archa
1947 363 1981 387 et

188 408 373 447 omphalus
398 407 569 437 communi
592 412 796 446 catatropae
820 407 956 437 vinculo
982 407 1066 437 satis
1092 412 1187 438 arcte
1219 407 1517 447 coniungerentur.
1575 407 1757 439 Generalis
1785 410 1891 450 igitur
1923 411 1981 442 illa

186 463 222 492 in
246 467 429 501 catatropa
464 461 633 492 sententia
669 462 795 492 archae
827 462 1085 501 quodammodo
1110 462 1262 492 clausula
1287 468 1348 497 est,
1375 463 1527 501 omphali
1551 472 1634 493 vero
1660 465 1852 496 exordium.
1877 465 1982 496 Velut

190 517 225 547 in
248 517 397 548 carmine
421 516 474 548 Ol.
499 516 536 546 X
558 516 591 546 in
615 516 720 546 archa
744 516 870 546 (lictum
895 522 983 546 erat:
1008 527 1076 546 non
1102 516 1174 546 sine
1198 526 1321 547 severa
1345 517 1524 556 disciplina
1549 523 1583 547 et
1606 527 1739 548 summa
1754 518 1787 548 in
1802 519 1981 550 laboribus

185 571 377 602 tolerandis
411 571 578 611 patientia
612 571 763 601 luctandi
792 571 951 610 peritiam
978 571 1093 610 parari
1118 581 1157 601 ac
1181 581 1287 610 saepe
1311 571 1491 602 victoriam
1515 573 1668 602 secundo
1694 573 1830 602 demum
1855 579 1981 604 conatu

185 625 279 656 facto
316 626 506 665 obtingere.
553 624 715 664 Sequitur
750 625 782 654 in
822 630 1005 664 catatropa
1038 626 1213 665 generalis
1243 626 1414 656 sententia
1448 627 1544 661 haec,
1572 626 1623 658 Ol.
1647 626 1688 662 X,
1713 627 1777 658 22:
1805 627 1929 659 ἄπονον
1953 628 1979 660 δ’

183 680 303 719 ἔλαβον
326 680 431 719 χάρμα
453 680 569 718 παῦροί
590 690 684 718 τινες,
708 679 719 719 ΙΙ
743 680 845 718 ἔργων
868 681 931 718 πρὸ
956 680 1085 711 πάντων
1109 680 1203 721 βιότῳ
1228 681 1324 719 φάος.
1370 680 1534 720 Sequitur
1567 681 1599 711 in
1634 682 1798 721 omphalo
1822 682 1981 713 Herculis

184 735 354 765 adversus
389 733 577 764 Actorides
610 734 738 764 bellum
774 734 919 774 primum
954 734 1083 770 infelix,
1117 745 1149 766 v.
1171 736 1210 765 32
1245 735 1386 774 ἔπερσαν
1417 736 1503 776 αὐτῷ
1534 736 1675 774 στρατὸν
1700 735 1711 776 ΙΙ
1735 739 1847 776 μυχοῖς
1871 737 1981 775 ἥμενοι

186 788 318 827 Ἄλιδος
341 788 353 829 Η
384 789 545 827 Μολίονες
578 788 780 827 ὑπερφίαλοι,
814 794 992 828 postremo
1026 789 1267 825 felicissimum,
1302 800 1330 819 v.
1355 792 1394 821 35
1424 790 1558 822 Ἐπειῶν
1589 791 1739 829 βασιλεὺς
1774 791 1884 823 ὄπιθεν
1908 792 1919 832 ῙΙ
1942 793 1980 824 οὐ

182 844 307 875 πολλὸν
329 843 376 875 ἴδε
401 869 406 874 .
431 869 435 874 .
461 869 466 874 .
489 842 501 883 ΙΙ
525 844 624 882 βαθὺν
648 843 692 881 εἰς
716 843 830 882 ὀχετὸν
854 844 933 882 ἄτας
956 843 967 884 Η
987 845 1113 876 ἵζοισαν
1137 844 1193 876 ἑὰν
1216 845 1320 876 πόλιν.
1351 863 1387 866 -
1422 845 1554 875 Eadem
1588 845 1690 885 plane
1725 846 1814 876 ratio
1840 853 1892 877 est
1915 848 1981 878 loci

184 896 279 938 Pyth.
310 897 343 932 V,
367 899 429 929 54:
451 897 562 929 πόνων
584 896 611 928 δ’
636 898 674 929 οὔ
697 909 743 936 τις
767 897 950 937 ἀπόκλαρός
973 899 1060 929 ἐστιν
1084 899 1150 930 οὔτ’
1175 899 1291 930 ἔσεται.
1316 899 1414 930 Haec
1437 899 1608 930 sententia
1631 899 1663 930 in
1690 901 1853 939 omphalo
1870 902 1980 932 minus

184 958 306 992 aperte
330 957 506 991 tractatur,
530 962 609 982 nam
634 953 815 992 omphalus
839 952 872 982 in
895 952 1059 982 felicitate
1082 952 1177 982 Batti
1202 958 1235 983 et
1258 953 1288 982 in
1314 953 1488 992 Apollinis
1511 953 1632 983 favore
1658 959 1691 984 et
1714 955 1828 993 gratia
1854 955 1980 986 descri-

186 1006 310 1038 bendis
334 1012 506 1042 versatum
532 1007 594 1036 sed
617 1011 733 1037 tamen
757 1007 883 1037 dictum
909 1006 991 1036 illud
1014 1017 1077 1046 per
1100 1012 1209 1037 totam
1234 1008 1385 1047 oinphali
1409 1008 1643 1038 narrationem
1678 1008 1776 1048 quasi
1811 1009 1981 1040 submissa

183 1071 272 1092 voce
296 1061 424 1101 ubique
446 1061 697 1096 insusurratur;
722 1071 800 1091 nam
824 1061 947 1091 Battus
970 1066 1050 1100 post
1075 1062 1246 1092 maximos
1271 1063 1408 1091 demum
1432 1063 1570 1092 labores
1596 1062 1685 1093 felici
1710 1068 1833 1093 eventu
1849 1063 1980 1103 potitus

182 1121 244 1147 est.
270 1134 307 1137 —
332 1115 426 1157 Pyth.
450 1116 513 1151 HI,
538 1117 600 1147 59:
634 1117 691 1154 χρὴ
726 1117 765 1146 τὰ
800 1116 927 1147 ἐοικότα
961 1117 1025 1154 πὰρ
1049 1116 1211 1154 δαιμόνων
1235 1117 1435 1154 μαστευέμεν
1459 1119 1588 1155 Θναταῑς
1612 1118 1742 1156 φρασίν,
1766 1117 1777 1157 ΙΙ
1799 1118 1919 1155 γνόντα
1942 1119 1980 1149 τὸ

182 1172 249 1210 πὰρ
283 1171 395 1209 ποδός,
429 1171 502 1209 οἵας
536 1171 621 1209 εἰμὲν
650 1170 757 1209 αἴσας,
812 1171 850 1200 In
878 1171 945 1201 hoc
969 1172 1131 1210 exemplo
1155 1172 1269 1201 omnia
1292 1172 1396 1210 plana
1420 1176 1453 1201 et
1478 1172 1571 1201 clara
1593 1178 1679 1203 sunt.
1705 1190 1740 1192 —
1767 1172 1805 1201 In
1829 1172 1980 1203 carmine

185 1226 287 1266 Pyth.
309 1225 364 1256 IX
387 1227 475 1255 hanc
509 1235 676 1255 summam
710 1226 914 1255 sententiam
948 1231 1053 1265 poeta
1081 1226 1313 1265 persequitur:
1352 1226 1519 1265 temporis
1544 1226 1730 1265 opportuni
1755 1236 1923 1256 summam
1947 1227 1980 1256 in

181 1280 341 1311 vomnibus
365 1281 468 1310 rebus
492 1280 560 1310 vim
584 1290 670 1310 esse.
716 1280 793 1310 Hoc
817 1286 1040 1320 praeceptum
1064 1280 1131 1310 iam
1154 1280 1187 1309 in
1212 1280 1317 1310 archa
1340 1280 1464 1310 tectius
1488 1280 1695 1310 illustratum
1719 1286 1802 1311 erat.
1848 1280 1979 1310 Finitur

183 1335 289 1365 archa
324 1335 355 1365 in
392 1335 551 1364 laudibus
584 1334 805 1364 Telesicratis
830 1335 980 1374 victoris,
1005 1345 1149 1374 quarum
1173 1345 1301 1375 magna
1325 1334 1426 1373 copia
1450 1335 1507 1365 sit:
1529 1345 1559 1365 ν.
1585 1335 1636 1365 76:
1661 1334 1771 1373 ἀρεταὶ
1794 1335 1821 1366 δ’
1847 1335 1906 1366 αἰεὶ
1928 1346 1979 1373 με-

182 1389 278 1426 γάλαι
300 1389 484 1427 πολύμυθοι.
532 1388 604 1418 Iam
629 1394 810 1427 cata-tropa
834 1389 921 1418 haec
945 1389 1117 1419 inseritur:
1141 1389 1271 1418 Verum
1296 1390 1326 1419 in
1351 1389 1510 1419 laudibus
1539 1399 1678 1428 quoque
1714 1390 1837 1419 modus
1862 1394 1978 1419 tenen-

183 1444 248 1473 dus
282 1448 348 1481 est;
384 1453 462 1473 nam
485 1443 634 1473 omnium
659 1443 887 1482 quarumlibet
910 1453 1022 1473 rerum
1047 1443 1276 1482 principatum
1300 1454 1468 1473 summum
1492 1450 1586 1474 tenet
1611 1444 1628 1474 ὁ
1660 1444 1778 1482 καιρός,1
1814 1450 1979 1482 opportu-

181 1508 264 1528 num
286 1503 440 1537 tempus;
464 1498 565 1538 Pyth.
587 1498 650 1534 IX,
677 1498 729 1528 77:
757 1498 830 1536 βαιὰ
853 1497 879 1528 δ’
905 1499 940 1529 ἑν
965 1500 1110 1536 μακροῖσι
1134 1499 1307 1529 ποικίλλειν
1331 1498 1342 1538 ΙΙ
1366 1498 1447 1529 ἀκοὰ
1470 1500 1605 1537 σοφοῖς·
1630 1499 1647 1529 ὁ
1673 1499 1708 1529 δὲ
1730 1498 1840 1536 καιρὸς
1857 1498 1978 1536 ὁμοίως

181 1552 304 1591 παντὸς
326 1553 391 1591 ἔχει
414 1553 570 1591 κορυφάν.
611 1552 682 1582 Iam
706 1552 860 1592 sequitur
884 1552 917 1582 in
941 1553 1103 1591 omphalo
1126 1553 1346 1587 luculentum,
1371 1563 1439 1592 quo
1463 1559 1688 1593 praeceptum
1714 1553 1797 1582 illud
1812 1551 1978 1587 firmatur,

181 1607 440 1638 documentum:
464 1607 583 1637 fabula
605 1608 647 1637 de
670 1607 756 1637 Iolai
779 1607 870 1637 senis
893 1617 969 1637 curn
993 1607 1189 1646 Eurystheo
1212 1617 1338 1647 pugna.

287 1775 333 1806 16.
373 1772 523 1814 ὁὶῖρίίιηα
546 1773 676 1807 classis,
699 1773 731 1802 in
755 1783 823 1812 qua
847 1772 905 1807 eis,
930 1783 1019 1812 quae
1042 1773 1074 1802 in
1099 1773 1204 1803 archa
1228 1773 1319 1802 dicta
1344 1778 1450 1812 erant,
1475 1773 1684 1803 contrarium
1708 1772 1873 1812 quiddam

422 1828 618 1868 opponitur.
664 1827 714 1857 Ea
735 1826 886 1867 (lusuque
909 1827 1014 1857 habet
1037 1828 1207 1866 exempla,
1232 1827 1394 1866 primum:
1424 1826 1518 1867 nylz.
1544 1826 1584 1862 X,
1614 1826 1697 1858 Isth.
1727 1827 1780 1858 VI.

337 1920 501 1961 Sequitur
523 1919 663 1961 scpllma
690 1924 949 1959 catatroparum
973 1919 1093 1949 classis
1118 1929 1193 1949 cum
1219 1919 1389 1959 exemplis
1405 1918 1564 1960 qlll‘llqlls,
1589 1928 1735 1958 quorum
1752 1929 1793 1949 ea
1813 1924 1865 1949 est
1879 1919 1978 1953 ratio,

184 1981 223 2006 ut
246 1976 279 2006 in
303 1981 486 2015 catatropa
512 1980 546 2006 et
569 1976 602 2005 in
628 1975 792 2014 omphalo
818 1975 1051 2013 subsequente
1076 1979 1224 2013 ponatur
1240 1973 1378 2012 aliquid,
1396 1974 1489 2013 quod
1506 1974 1609 2004 rebus
1633 1973 1665 2003 in
1683 1973 1787 2003 archa
1803 1980 1980 2012 postrema

182 2030 353 2070 expositis
387 2030 597 2061 contrarium
630 2029 682 2060 sit.
738 2029 816 2059 Hoc
850 2038 961 2068 genus
996 2028 1100 2067 longe
1130 2027 1244 2059 differt
1275 2030 1318 2059 ab
1343 2028 1401 2058 illa
1426 2033 1685 2067 catatroparum
1709 2027 1831 2062 forma,
1855 2028 1889 2058 in
1912 2038 1979 2068 qua

182 2085 291 2115 archa
324 2085 517 2115 duriuscule
553 2084 778 2123 abrumpitur,
816 2083 931 2122 qualia
965 2083 997 2113 in
1026 2083 1137 2122 prima
1160 2084 1271 2113 classe
1297 2083 1510 2122 collegimus.
1555 2083 1662 2112 Immo
1686 2082 1719 2112 in
1742 2082 1817 2121 ipsa
1840 2083 1979 2122 opposi-

182 2139 277 2170 tione
300 2139 470 2170 vinculum
492 2139 590 2177 inest,
614 2149 693 2169 nam
716 2148 806 2178 quae
831 2138 994 2177 opposita
1018 2142 1095 2167 sunt
1117 2137 1331 2168 notissimum
1356 2143 1407 2167 est
1430 2137 1576 2167 invicem
1599 2147 1677 2167 sese
1708 2137 1896 2175 postulare.
1939 2137 1978 2167 In

181 2195 247 2225 hac
263 2194 368 2234 igitur
384 2194 495 2224 classe
512 2193 770 2233 compositionis
794 2202 850 2222 ars
875 2192 1033 2222 subtilior
1057 2197 1123 2222 est:
1147 2202 1227 2222 nam
1251 2192 1453 2222 dirimuntur
1478 2201 1561 2221 sane
1584 2197 1618 2221 et
1635 2196 1840 2230 separantur
1856 2197 1975 2230 partes

181 2248 340 2279 carminis
365 2247 539 2282 finitimae,
562 2247 594 2277 in
616 2247 692 2286 ipsa
716 2252 831 2276 tamen
855 2246 1073 2285 separatione
1097 2247 1291 2277 coniunctio
1317 2247 1416 2277 inest.
1455 2246 1627 2285 Exempla
1651 2255 1723 2275 rem
1749 2246 1878 2275 claram
1901 2255 1977 2284 per-

183 2303 407 2343 spicuamque
430 2302 566 2333 facient.
611 2300 933 2332 Luculentissimum
957 2301 1055 2330 huius
1085 2301 1205 2331 classis
1228 2301 1402 2340 specimen
1427 2306 1479 2331 est
1502 2299 1641 2330 Pindari
1677 2309 1815 2330 carmen
1852 2309 1978 2337 eorum,

180 2368 271 2398 quae
292 2359 469 2393 habemus,
492 2356 774 2396 antiquissimum,
792 2356 953 2395 Pythium
971 2356 1016 2386 X.
1033 2355 1181 2385 Dixerat
1198 2355 1230 2385 in
1245 2356 1363 2385 archa:
1385 2354 1557 2385 Phriciam
1576 2359 1609 2384 et
1624 2353 1730 2383 filium
1747 2353 1978 2393 Hippocleam

180 2413 228 2443 ad
252 2418 443 2443 extremam
464 2412 635 2442 humanae
658 2411 831 2441 felicitatis
855 2415 982 2441 metam
1006 2410 1218 2449 pervenisse;
1243 2420 1271 2440 v.
1296 2410 1356 2440 28:
1390 2410 1530 2448 περαίνει
1560 2409 1642 2447 πρὸς
1670 2408 1809 2446 ἔσχατον
1831 2407 1843 2447 Η
1865 2408 1978 2440 πλόον.
