2222 2987
1077 256 1170 287 XXI

227 349 336 380 culem
370 359 447 380 cum
482 350 515 380 in
549 350 681 380 caelum
710 350 942 380 adscensurus
973 355 1074 384 esset,
1099 348 1360 389 Olympicorum
1382 348 1606 379 certaminum
1630 358 1746 378 curam
1770 354 1804 379 et
1827 349 2020 379 custodiam

227 403 406 434 Dioscuris
428 404 621 434 mandasse.
667 403 739 433 Iam
762 403 794 433 in
818 407 1096 441 metacatatropa
1118 403 1162 432 ad
1185 412 1257 433 rem
1282 409 1511 442 praesentem,
1550 404 1594 432 ad
1628 403 1799 433 Theronis
1834 404 2025 437 victoriam,

226 457 274 487 ita
310 457 433 488 transit
465 463 581 497 poeta,
619 457 669 487 Ol.
692 457 758 492 Ill,
782 457 848 489 38:
882 458 936 495 ἐμὲ
970 455 996 488 δ’
1026 456 1071 488 ὧν
1094 457 1158 494 πὰρ
1181 458 1282 496 θυμὸς
1308 457 1434 496 ὀτρύνει
1457 457 1564 496 φάμεν
1586 453 1785 496 Ἐμμενίδαις
1810 458 1821 497 §l
1846 458 1974 495 Θήρωνί
1996 457 2023 488 τ’

227 512 334 543 ἐλθεῖν
365 514 474 550 κῦδος,
508 512 651 543 εὐΐππων
685 511 840 542 διδόντων
875 511 1085 549 Τυνδαριδᾶν.
1114 529 1145 531 -
1173 511 1210 541 In
1234 512 1384 542 carmine
1407 512 1508 552 Pyth.
1532 512 1587 542 IX
1610 518 1690 552 post
1714 512 1923 551 omphalum,
1958 522 2026 551 quo

229 565 370 605 copiose
398 567 465 597 iam
498 567 606 606 ipsius
634 566 773 596 victoris
802 566 1024 596 'selesicratis
1058 566 1179 596 laudes
1212 571 1317 604 poeta
1350 572 1555 606 prosecutus
1587 572 1671 602 erat,
1697 566 1864 596 maiorum
1887 576 2026 605 quoque

228 631 316 651 nunc
342 621 540 651 memoriam
575 632 612 651 se
641 621 844 660 praedicare
874 620 963 650 velle
986 620 1156 649 Pindarus
1181 620 1270 654 dicit.
1298 620 1393 660 Hylll.
1416 620 1478 655 IX,
1502 620 1586 652 103:
1609 621 1664 659 ἐμὲ
1688 622 1715 651 δ’
1739 620 1784 651 ὧν
1807 631 1854 658 τις
1879 620 1992 650 ἀοιδᾶν
2017 621 2028 659 Η

228 675 326 713 δίψαν
363 675 550 713 ἀκειόμενον
584 675 724 713 πράσσει
758 676 854 713 χρέος
888 674 977 712 αὖτις
1006 675 1123 712 ἐγεῖραι
1146 676 1158 714 'A
1181 675 1232 705 καὶ
1262 677 1344 706 τεῶν
1373 675 1470 706 δόξαν
1502 677 1647 706 παλαιῶν
1670 675 1853 713 προγόνων,
1877 684 1955 703 nam
1980 674 2027 703 ita

227 729 317 759 hunc
338 729 450 760 locum
473 735 566 760 recte
590 740 608 759 e
632 730 789 760 codicum
813 729 982 768 scriptura
1006 729 1141 759 vitiosa:
1166 730 1217 760 καὶ
1239 731 1385 760 παλαιῶν
1408 729 1505 761 δόξαν
1538 732 1622 760 τεῶν
1654 730 1826 768 προγόνων
1852 728 2028 767 Bergkius

228 783 386 814 restituit.
433 784 594 825 Notanda
616 789 668 814 est
692 783 854 813 formula:
883 784 937 822 ἐμὲ
959 783 985 814 δ’
1011 783 1066 817 ὧν,
1090 794 1158 823 qua
1181 789 1459 823 metacatatropa
1483 793 1621 823 quoque
1645 783 1804 814 carminis
1830 782 1882 814 Ol.
1907 783 1966 815 ΙΙΙ.
1987 785 2026 812 338

232 837 468 868 introducitur.

379 892 469 923 Huic
502 892 603 922 classi
639 893 705 922 duo
741 903 877 932 quoque
912 893 1063 924 carmina
1091 892 1321 924 adscribenda
1349 894 1521 933 videntur,
1545 894 1578 924 in
1602 893 1726 933 quibus
1750 898 2026 931 metacatatropa

228 956 297 976 non
320 946 492 986 abrumpit
513 948 664 986 omphali
688 957 834 981 cursum,
860 948 921 977 sed
944 958 1071 978 novom
1094 948 1210 987 potius
1235 948 1266 977 in
1291 948 1415 978 eodem
1439 958 1541 978 cursu
1563 948 1727 987 impetum
1763 946 1944 987 significat.
1989 946 2027 975 In

231 1001 400 1031 ambobus
421 1001 515 1031 hisce
539 1002 748 1032 carminibus
772 1003 955 1041 omphalus
979 1007 1220 1042 argumentum
1243 1002 1307 1031 sibi
1330 1001 1417 1041 petit
1440 1011 1485 1031 ex
1509 1001 1616 1041 ipsius
1643 1001 1785 1032 victoris
1803 1000 2027 1040 praestantia.

230 1055 310 1086 lstlz.
333 1055 379 1091 II,
414 1055 458 1087 35
487 1057 530 1086 de
564 1056 776 1086 Xenocratis
806 1057 946 1087 virtute:
982 1057 1084 1095 μακρὰ
1126 1057 1295 1094 δισκήσαις
1328 1056 1550 1095 ἀκοντίσσαιμι
1585 1058 1728 1091 τοσοῦθ’,
1765 1056 1847 1087 ὅσον
1883 1055 1984 1094 ὀργὰν
2018 1056 2029 1094 Η

229 1110 446 1149 Ξεινοκράτης
483 1111 562 1149 ὑπὲρ
598 1111 778 1149 ἀνθρώπων
811 1113 960 1148 γλυκεῖαν
983 1110 994 1151 ΙΙ
1017 1111 1122 1149 ἔσχεν.
1156 1128 1192 1132 -
1225 1110 1276 1141 Ol.
1300 1110 1347 1148 II.
1371 1112 1412 1142 91
1435 1111 1528 1150 prior
1554 1116 1856 1150 metacatatropae
1879 1119 1960 1149 pars
1984 1110 2027 1139 ad

231 1165 430 1205 omphalum
452 1165 606 1205 respicit3
639 1166 812 1205 posterior
846 1166 918 1196 sine
958 1165 1102 1196 transitu
1134 1175 1262 1195 novom
1294 1165 1388 1195 illum
1425 1165 1569 1195 canendi
1599 1165 1776 1205 impetum,
1799 1174 1902 1204 quem
1923 1169 2029 1204 poeta

231 1219 426 1258 meditetur,
461 1220 638 1251 describit:
677 1221 782 1251 πολλά
817 1231 867 1258 μοι
902 1220 953 1251 ὑπ’
984 1220 1130 1257 ἀγκῶνος
1154 1220 1239 1250 ὠκέα
1262 1220 1335 1258 βέλη
1359 1219 1371 1259 Η
1394 1220 1488 1251 ἔνδον
1511 1220 1576 1251 ἐντὶ
1599 1220 1765 1258 φαρέτρας
1791 1244 1796 1249 .
1821 1243 1826 1248 .
1852 1245 1857 1250 ,
1885 1219 1896 1259 ΙΙ
1918 1229 1948 1248 v.
1974 1219 2029 1249 08:

230 1273 326 1313 ἔπεχε
349 1276 407 1306 νῦν
430 1277 541 1315 σκοπῷ
563 1275 666 1312 τόξον,
690 1274 747 1311 ἄγε
770 1275 857 1313 θυμέ,
880 1274 949 1305 τίνα
973 1275 1131 1313 βάλλομεν
1157 1274 1168 1315 Η
1191 1276 1225 1306 ἐκ
1242 1276 1410 1313 μαλθακᾶς
1435 1299 1439 1304 .
1464 1299 1469 1304 .
1493 1300 1498 1305 .
1524 1275 1648 1313 φρενὸς
1672 1300 1677 1305 .
1700 1300 1705 1305 .
1731 1300 1737 1305 .
1760 1274 1893 1312 ὀιστοὺς
1911 1273 2031 1311 ἱέντες;

232 1328 310 1359 Hoc
338 1329 536 1368 exemplum
561 1339 678 1359 eorum
698 1329 857 1364 omnium,
882 1339 970 1368 quae
987 1329 1019 1358 in
1036 1329 1138 1359 tertia
1155 1330 1266 1359 classe
1283 1329 1539 1364 collocavimus,
1561 1328 1771 1359 lenissimum
1789 1333 1854 1365 θεῖς
1881 1332 2029 1367 apparet

231 1383 264 1413 in
296 1393 338 1414 eo
371 1384 561 1414 luculenter
597 1383 726 1414 eximia
758 1383 898 1413 Pindari
934 1383 966 1413 in
996 1383 1280 1422 metacatatropis
1312 1382 1560 1422 componendis
1596 1392 1662 1413 arS.
1707 1383 1795 1412 Nam
1819 1381 1973 1420 cogitata
1997 1387 2031 1411 et

231 1438 342 1468 verba
376 1448 452 1468 eum
484 1438 517 1467 in
556 1438 697 1468 modum
735 1438 840 1477 elegit
868 1443 902 1468 et
929 1438 1114 1474 ordinavit,
1138 1443 1175 1468 ut
1196 1438 1351 1468 membra
1375 1437 1496 1473 vicina,
1519 1437 1717 1477 omphalum
1741 1442 1776 1467 et
1799 1436 2033 1476 sphragidem,

233 1496 267 1522 et
293 1497 499 1532 segregaret
525 1493 647 1523 eadem
671 1502 780 1532 opera
804 1497 838 1523 et
860 1492 1014 1522 vinciret.

330 1668 379 1699 23.
419 1666 552 1707 Quarta
575 1668 706 1704 classis,
729 1668 763 1699 in
787 1678 854 1708 qua
877 1667 1028 1708 omphali
1051 1668 1241 1698 clausulam
1266 1667 1395 1707 excipit
1421 1670 1705 1706 metacatatropa,
1731 1670 1915 1705 exceptam

534 1724 578 1753 ad
604 1723 827 1763 sphragidem
850 1723 1058 1760 transmittit,
1084 1732 1159 1753 cum
1175 1720 1327 1762 quinque
1345 1721 1530 1761 exemplis:
1553 1720 1634 1752 lstlz.
1656 1720 1731 1755 VII,

752 1777 802 1809 Ol.
827 1777 869 1813 X,
894 1777 974 1809 Isth.
997 1777 1062 1812 III,
1092 1776 1188 1807 Nem.
1218 1775 1313 1812 VIII,
1339 1774 1434 1816 Pyth.
1458 1774 1516 1806 IV.

388 1867 547 1908 ρτιανίασ,
575 1879 663 1908 quae
686 1869 753 1899 iam
777 1868 940 1908 sequitur,
964 1868 1084 1898 classis
1107 1878 1188 1898 cum
1209 1866 1362 1908 quinque
1385 1867 1554 1907 exemplis
1579 1877 1620 1897 ea
1647 1867 1737 1897 ratio
1761 1872 1823 1902 est,
1846 1872 1883 1896 ut
1906 1866 1940 1896 in
1961 1876 2032 1896 om-

233 1922 338 1963 phalo
369 1928 548 1962 postremo
585 1924 699 1963 aliqua
735 1933 848 1953 rerum
881 1923 1033 1954 conditio
1066 1922 1227 1962 fingatur,
1259 1931 1348 1961 quae
1372 1926 1522 1961 excepta
1553 1921 1585 1951 in
1610 1926 1888 1960 metacatatropa
1915 1920 2035 1951 funda-

233 1982 385 2008 mentum
419 1978 594 2008 eontineat
631 1978 839 2018 sphragidis.
892 1978 931 2008 In
962 1978 1027 2008 hac
1055 1977 1159 2017 igitur
1189 1977 1300 2007 classe
1323 1976 1458 2007 vinculo
1483 1976 1636 2016 quodam
1658 1976 1807 2006 naturali
1831 1982 1865 2006 et
1888 1975 2034 2015 simplici

236 2031 418 2072 omphalus
450 2042 526 2062 cum
565 2032 753 2072 sphragide
786 2031 985 2062 conectitur.
1035 2031 1110 2061 Res
1142 2031 1254 2073 qualis
1278 2031 1330 2067 sit,
1367 2031 1441 2070 ipse
1469 2031 1640 2061 Pindarus
1663 2031 1697 2060 in
1722 2030 1912 2061 clarissimo
1935 2029 2033 2060 huius

233 2086 372 2126 generis
395 2087 558 2126 exemplo
583 2087 762 2126 eleganter
784 2086 942 2117 illustrat.
994 2086 1032 2116 In
1056 2086 1206 2116 carmine
1229 2085 1313 2117 Isth.
1335 2085 1404 2115 VII
1434 2085 1467 2115 in
1491 2090 1649 2116 extremo
1673 2085 1836 2125 omphalo
1862 2084 2032 2115 Achillem

234 2145 405 2171 mortuum
420 2140 518 2181 ipsae
532 2141 655 2172 Musae
679 2140 862 2172 deflevisse
886 2140 1050 2171 dicuntur.
1075 2140 1196 2180 Pergit
1216 2146 1323 2180 poeta
1345 2140 1379 2170 in
1404 2144 1680 2179 metacatatropa
1706 2140 1796 2170 hunc
1824 2139 1855 2169 in
1886 2139 2032 2172 modum,

235 2205 280 2225 ex
311 2190 642 2225 divino'Musarum
676 2195 839 2234 exemplo
871 2194 1069 2235 generalius
1109 2195 1272 2234 quiddam
1307 2194 1474 2234 colligens
1503 2193 1584 2224 Isth.
1614 2193 1689 2229 VII,
1711 2195 1773 2225 59:
1795 2192 1876 2225 ἔδοξ’
1902 2192 1964 2231 ἆρα
1985 2193 2035 2223 καὶ

234 2249 419 2288 ἀθανάτοις,
442 2249 454 2290 Η
476 2249 575 2281 ἐσλόν
597 2260 633 2287 γε
657 2251 751 2288 φῶτα
776 2249 827 2280 καὶ
849 2249 1007 2288 φθίμενον
1030 2249 1141 2287 ὕμνοις
1164 2251 1243 2281 θεᾶν
1266 2249 1404 2287 διδόμεν.
1451 2248 1530 2279 Hoc
1553 2247 1630 2288 ipso
1661 2253 1850 2288 praecepto
1874 2247 1978 2276 utitur
2000 2246 2034 2275 in

235 2304 426 2344 sphragide
448 2304 620 2334 Pindarus
641 2305 686 2334 ad
707 2304 893 2339 Nicoclem,
918 2303 1060 2334 victoris
1085 2303 1245 2334 Cleandri
1269 2303 1411 2333 fratrem
1432 2303 1635 2342 patruelem,
1660 2301 1868 2337 defunctum,
1891 2301 2033 2331 laudan-

235 2359 334 2397 dum;
358 2358 406 2388 ita
429 2357 518 2389 enirn
540 2359 639 2389 huius
662 2358 774 2389 laudis
797 2358 966 2389 rationem
989 2358 1087 2398 quasi
1110 2358 1224 2389 reddit
1246 2368 1276 2389 v.
1299 2359 1352 2389 61:
1376 2358 1413 2389 τὸ
1436 2358 1487 2388 καὶ
1511 2359 1570 2389 νῦν
1590 2357 1682 2396 φέρει
1697 2357 1806 2395 λόγον,
1822 2355 1956 2387 ἔσσυταί
1971 2365 2005 2386 τε
2020 2354 2033 2394 Η

237 2412 398 2444 Μοισαῖον
422 2411 507 2452 ἅρμα
529 2412 702 2452 Νικοκλέος
726 2412 738 2453 ΙΙ
761 2414 867 2452 μνᾶμα
889 2412 1055 2451 πυγμάχου
1079 2414 1264 2451 κελαδῆσαι.
1291 2430 1322 2433 -—
1351 2411 1479 2442 Similis
1504 2412 1602 2441 locus
1627 2410 1678 2441 Ol.
1705 2410 1746 2444 Χ,
1770 2409 1814 2443 78
1823 2422 1833 2439 .·
1861 2409 1975 2448 ἀρχαῖς
1998 2409 2033 2439 δὲ
