2222 2987
1055 266 1103 296 lv

263 422 289 452 2.
324 421 544 452 Praeclarum
570 420 766 459 WVestphali
791 420 964 449 inventum
990 419 1032 447 (le
1055 417 1168 457 prisca
1193 417 1412 455 epiniciorum
1439 417 1555 449 forma.
1607 418 1746 448 Pindari
1771 429 1907 450 carmen

455 474 722 513 unumquodque
742 472 915 511 proprium
941 481 1038 500 suum
1063 471 1175 500 stilum
1199 471 1328 501 habere
1355 482 1398 501 ex
1423 471 1538 502 mixtis
1562 472 1703 511 antiqua

771 525 848 563 lege
874 531 905 553 et
930 524 1044 553 innata
1069 524 1194 563 ingenii
1220 525 1251 554 vi
1277 531 1398 556 ortum.

336 607 407 638 Sed
430 607 546 646 paullo
570 615 659 635 nune
682 604 873 635 accuratius·
898 603 1024 632 veteris
1050 603 1271 642 epiniciorum
1288 604 1371 634 artis
1390 604 1501 635 forma
1519 606 1772 636 consideranda
1792 612 1856 639 est.
1873 617 1977 646 quam

187 662 357 692 Pindarus
381 666 538 700 paratam
563 660 804 697 excultamque
830 657 957 687 invenit
981 667 1152 696 quamque
1176 664 1273 688 tanta
1295 659 1483 689 tenacitate
1512 660 1657 691 retinuit.
1714 660 1769 690 De
1802 661 1869 691 hoc
1893 661 1976 691 anti—

187 716 356 756 quitatum
383 714 595 753 poeticarum
620 713 732 751 capite
757 718 792 741 ut
818 711 943 741 rectius
967 721 1063 745 nunc,
1088 722 1189 750 quam
1212 712 1302 747 olim,
1327 712 1467 743 iudicari
1492 714 1612 753 possit,
1638 713 1798 745 effectum
1827 720 1880 744 est
1903 715 1975 754 pal-

186 770 271 800 mari
297 768 472 799 Rudolfi
496 766 718 805 westphali
744 765 774 794 in
799 765 1061 804 Prolegomenis
1086 765 1117 794 in
1141 765 1365 805 Aeschylum.
1395 767 1486 805 Lips.
1515 768 1593 798 1869
1617 778 1650 807 p.
1675 768 1794 798 75—81
1822 768 1974 799 inventO.

186 825 280 863 quod
304 824 361 853 diu
384 822 590 861 neglectum,
614 829 726 859 neque
749 825 911 858 quantum
937 820 1079 859 dignum
1103 824 1186 854 erat,
1213 820 1431 850 aestimatum
1459 821 1510 851 vir
1531 822 1815 861 πινδαρικώτατος,
1839 822 1975 853 Fride-

185 878 300 907 ricus
323 876 509 914 Mezger,
534 874 692 904 Pindar's
716 873 960 913 siegeslieder,
985 873 1076 913 Lips.
1098 874 1185 908 1880,
1203 874 1365 913 suscepit,
1382 875 1531 912 nutrivit,
1550 876 1743 909 exornavit.
1762 876 1974 916 singulisque

184 930 392 962 carminibus
416 929 584 959 adhibens
608 929 657 958 ita
679 927 837 962 firmavit,
860 934 897 958 ut
920 928 987 957 iam
1010 938 1073 967 pro
1098 933 1192 958 certo
1218 929 1512 968 interpretationis
1525 930 1730 961 Pindaricae
1747 930 1974 961 fundamento

182 985 305 1015 haberi
327 984 463 1014 debeat.
510 983 672 1014 Ostendit
697 982 949 1021 VVestphalius,
972 982 1158 1012 Pindarum
1183 983 1329 1022 epinicia
1342 993 1403 1013 sua
1420 985 1605 1014 secundum
1622 994 1778 1014 normam
1795 995 1974 1015 nomorum

184 1039 379 1078 Terpandri
403 1037 652 1076 composuisse,
678 1037 735 1076 qui
760 1038 803 1066 ad
827 1037 941 1076 legem
963 1037 1136 1076 quandam
1154 1037 1396 1067 subtilissimae
1413 1038 1634 1077 symmetriae
1654 1039 1822 1068 elaborati
1839 1039 1975 1070 fuerint.

184 1094 240 1124 De
265 1092 458 1132 Terpandri
482 1092 514 1121 in
537 1091 646 1121 nomis
671 1091 919 1130 componendis
943 1096 1018 1121 arte
1042 1090 1167 1120 Pollux
1189 1091 1276 1121 haec
1300 1091 1403 1121 tradit
1432 1092 1490 1127 IV,
1516 1093 1569 1122 66:
1595 1094 1672 1131 μέρη
1689 1095 1747 1124 τοῦ
1764 1096 1974 1134 κιθαρῳδικοῡ

184 1148 295 1186 νόμου,
318 1147 527 1185 Τερπάνδρου
551 1145 810 1183 κατανείμαντος,
835 1145 969 1183 ἔπαρχοι,
995 1146 1144 1184 μέταρχα,
1168 1145 1364 1183 κατατροπά,
1389 1146 1662 1185 μετακατάτροπα,
1686 1147 1848 1186 ὀμφαλός,
1871 1156 1975 1187 σφρα-

182 1203 241 1241 γίς,
265 1202 424 1239 ἐπίλογος.
469 1200 506 1230 In
523 1201 590 1230 hoc
613 1200 724 1230 indice
747 1199 910 1229 nonnulla
934 1200 1073 1229 turbata
1098 1209 1185 1233 esse,
1211 1204 1306 1229 recte
1331 1199 1416 1229 vidit
1439 1199 1689 1239 VVestphalius,
1714 1201 1771 1240 qui
1787 1201 1972 1241 genuinam

183 1256 275 1286 nomi
308 1255 535 1295 Terpandrici
569 1255 657 1284 hanc
691 1254 891 1284 divisionem
930 1253 1107 1284 constituit
1143 1253 1294 1293 (Proleg.
1320 1254 1352 1283 in
1376 1253 1504 1285 Aes-ch.
1528 1264 1560 1293 p.
1585 1255 1652 1292 80):
1677 1256 1855 1293 προοίμιον,
1882 1255 1974 1293 ἀρχά.

185 1310 378 1348 κατατροπά,
403 1309 563 1347 ὀμφαλός,
588 1308 862 1346 μετακατάτροπα,
885 1308 1038 1347 σφραγίς,
1062 1308 1195 1339 ἐξόδιον.
1239 1307 1338 1337 Hanc
1360 1317 1540 1338 nomorum
1563 1314 1769 1339 structuram
1786 1309 1975 1349 Westpha-

183 1365 248 1395 lius
273 1374 348 1395 cum
374 1364 406 1393 in
433 1363 499 1393 alia
522 1363 651 1402 lyricae
682 1362 799 1402 poesis
832 1372 972 1401 genera,
1006 1368 1076 1392 tum
1111 1361 1142 1391 in
1167 1361 1310 1401 epinicia
1338 1362 1540 1392 translatam
1561 1362 1758 1393 arbitratur.
1803 1363 1888 1393 Eam
1911 1364 1974 1394 viri

183 1417 452 1459 ingeniosissimi
475 1417 671 1457 opinionem
695 1422 790 1446 recte
813 1427 851 1447 se
874 1417 1012 1451 habere,
1037 1416 1177 1446 Pindari
1201 1415 1351 1446 carmina
1375 1425 1441 1446 uno
1466 1426 1526 1446 ore
1548 1421 1727 1447 testantur.
1757 1416 1974 1457 Quamquam

183 1474 270 1503 enim
287 1473 345 1503 illa
361 1482 483 1502 norma
504 1472 621 1511 paullo
638 1471 762 1502 tectior
779 1476 830 1501 est
847 1471 940 1510 apud
956 1470 1153 1505 Pindarum,
1170 1480 1233 1500 nec
1251 1471 1408 1501 omnibus
1425 1470 1632 1501 carminibus
1649 1471 1821 1511 aequabili
1840 1473 1974 1512 perspi-

183 1527 310 1558 cuitate
333 1526 497 1561 admixta,
522 1530 648 1561 tamen,
673 1524 729 1564 qui
751 1524 945 1554 accuratius
969 1524 1120 1555 carmina
1142 1524 1342 1559 excusserit,
1367 1535 1444 1555 eam
1473 1525 1600 1564 ubique
1624 1531 1800 1564 agnoscet.
1846 1526 1974 1557 Unum-

182 1582 344 1621 quodque
365 1590 503 1611 carmen
540 1589 638 1609 suum
670 1579 777 1610 habet
812 1583 1132 1617 temperamentum,
1164 1588 1262 1608 suum
1297 1578 1420 1609 stilum.
1472 1578 1584 1618 Quom
1607 1579 1696 1609 enim
1719 1580 1868 1618 priscum
1891 1580 1974 1610 illud

184 1636 407 1676 epiniciorum
440 1644 551 1674 genus
587 1644 664 1664 cum
687 1633 860 1664 Pindarici
894 1633 1023 1673 ingenii
1052 1633 1182 1672 impetu
1211 1632 1242 1662 in
1271 1638 1399 1672 poetae
1427 1632 1566 1663 officina
1588 1638 1752 1672 tanquam
1777 1634 1810 1663 in
1833 1640 1974 1665 moneta

183 1701 242 1720 aes
259 1699 334 1720 cum
353 1698 437 1719 auro
461 1688 669 1719 conflaretur
693 1693 726 1718 et
750 1688 1037 1723 commisceretur,
1060 1686 1134 1717 fieri
1156 1697 1223 1717 non
1247 1687 1368 1726 potuit,
1392 1687 1472 1727 quin
1496 1686 1623 1717 diversi
1642 1688 1774 1727 gradus
1791 1688 1971 1720 orirentur.

181 1750 283 1784 prout
307 1744 363 1774 vel
385 1744 452 1773 hoc
475 1743 531 1773 vel
554 1743 637 1772 illud
660 1742 888 1782 principatum
916 1742 947 1772 in
973 1741 1180 1772 carminibus
1210 1741 1390 1772 obtineret.
1446 1741 1529 1772 Inde
1565 1741 1691 1772 eximia
1725 1742 1784 1772 illa
1818 1741 1972 1772 Pindari-

182 1808 299 1829 corum
324 1797 512 1827 carminum
535 1796 688 1827 varietas
712 1802 790 1826 orta
814 1802 875 1831 est,
900 1806 989 1836 quae
1013 1806 1132 1826 omnes
1156 1795 1313 1830 affectus,
1341 1796 1398 1835 qui
1422 1796 1510 1826 inter
1545 1806 1711 1826 summam
1744 1796 1847 1826 animi
1882 1802 1971 1827 tran-

181 1853 387 1892 quillitatem
415 1858 448 1882 et
473 1860 644 1882 summum
668 1850 834 1890 impetum
857 1850 1024 1881 interiecti
1049 1855 1135 1883 sunt,
1160 1851 1410 1889 complectitur.

278 2006 304 2036 3.
342 2004 483 2035 Pindari
507 2014 646 2034 carmen
669 2003 831 2043 Pythium
855 2003 892 2033 X
915 2003 1182 2042 pulcherrimum
1205 2003 1342 2042 priscae
1364 2003 1446 2034 artis
1470 2003 1652 2042 specimen.
1697 2002 1873 2042 Antiquae

580 2058 653 2088 eius
677 2058 758 2088 artis
785 2064 818 2088 et
843 2057 951 2088 dulcis
975 2057 1159 2087 austeritas
1183 2063 1216 2087 et
1242 2057 1354 2097 rigida
1379 2057 1562 2097 elegantia.

330 2138 402 2170 Sed
437 2144 473 2168 ut
508 2138 658 2178 priscum
692 2137 775 2167 illud
810 2137 995 2168 carminum
1027 2147 1147 2176 genus,
1179 2137 1281 2176 quale
1312 2136 1423 2171 fuerit,
1461 2136 1654 2166 accuratius
1682 2136 1968 2170 demonstremus.

181 2193 449 2234 pulcherrimum
472 2202 561 2222 nunc
584 2191 783 2221 vetustioris
808 2183 995 2230 eiusartis,
1029 2200 1118 2230 quae
1149 2191 1298 2230 antiquis
1325 2190 1519 2220 hominibus
1543 2199 1758 2229 magnopere
1781 2190 1813 2220 in
1838 2191 1968 2221 deliciis

179 2247 286 2278 fuisse
320 2247 466 2281 videtur,
503 2246 678 2285 specimen
713 2246 983 2276 consideremus:
1018 2244 1158 2274 Pindari
1190 2244 1272 2274 illud
1300 2254 1447 2279 carmen,
1482 2244 1576 2283 quod
1600 2244 1749 2273 omnium
1773 2244 1856 2283 eius,
1880 2255 1969 2284 quae

179 2307 332 2332 aetatem
367 2302 526 2340 tulerunt,
561 2299 834 2339 antiquissimum
870 2305 931 2334 est,
966 2299 1058 2338 quod
1082 2298 1252 2328 Pindarus
1276 2297 1395 2337 viginti
1420 2307 1585 2327 annorum
1610 2297 1741 2328 iuvenis
1765 2300 1968 2338 composuit.

179 2366 269 2386 anno
293 2356 353 2386 502
379 2365 408 2385 a.
436 2354 513 2385 Chr.
537 2365 578 2389 n.‚
603 2364 741 2384 carmen
764 2353 926 2393 Pythium
949 2353 986 2383 X
1009 2353 1041 2382 in
1066 2352 1295 2392 Hippocleam
1322 2352 1553 2382 Pelinnaeum.
1604 2352 1658 2382 De
1691 2352 1849 2382 carminis
1883 2358 1967 2382 tem—

178 2419 263 2449 pore
288 2409 388 2439 testis
413 2413 465 2439 est
489 2408 675 2438 scholiasta
699 2409 743 2438 ad
767 2407 926 2438 carminis
950 2407 1051 2446 Pyth.
1074 2406 1108 2436 X
1132 2406 1388 2445 inscriptionem
1413 2416 1444 2445 p.
1469 2407 1529 2436 410
1554 2407 1606 2435 ed.
1623 2406 1777 2437 Boeckh:
1806 2406 1823 2437 ὁ
1844 2407 1967 2444 προκεί-
