2222 2987
1063 243 1173 275 XXII

220 344 393 382 προτέραις
430 342 581 380 ἑπόμενοι
615 340 665 370 καί
696 349 753 370 νυν
783 338 962 375 ἐπωνυμίαν
997 336 1088 375 χάριν
1110 335 1122 375 ΙΙ
1145 336 1234 374 νίκας
1258 335 1425 374 ἀγερώχου
1448 335 1460 375 ΙΙ
1483 336 1728 374 κελαδησόμεθα
1752 336 1889 375 βροντὰν
1910 335 1923 375 Η
1946 361 1952 367 .
1975 360 1980 366 .
2006 360 2012 366 .

219 398 301 435 Διός
326 423 332 428 .
355 422 360 427 .
385 422 390 427 .
417 414 450 417 -
476 395 513 426 In
539 394 689 425 carmine
713 393 794 422 Isth.
817 392 867 422 III
889 390 1040 430 omphali
1064 396 1306 429 argumentum
1330 396 1382 420 est
1405 390 1524 421 Aiacis
1547 391 1592 420 ad
1609 390 1746 420 Troiam
1769 390 1886 430 iniquo
1904 389 2011 421 Grae-

220 461 336 481 corum
370 449 494 480 iudicio
527 448 559 478 in
593 447 745 477 furorem
779 445 893 476 adacti
925 454 1018 474 mors
1051 444 1255 474 voluntaria.
1307 445 1379 475 Iam
1409 450 1707 484 metacatatropae
1729 445 1817 475 haec
1841 444 2011 476 sententia

222 510 290 535 est:
326 504 397 535 Sed
420 503 594 533 Homerus
627 499 761 541 gloriae
797 499 869 529 eius
902 507 1029 538 praeco
1054 497 1125 533 fuit,
1156 499 1448 538 quemadmodum
1471 499 1608 529 omnino
1631 509 1720 539 quae
1743 505 1925 538 poetarum
1951 509 2012 529 ore

222 559 449 593 celebrantur,
474 554 766 587 immortalitatem
789 553 1038 588 nanciscuntur,
1065 552 1143 583 lsflz.
1166 552 1234 587 ΙΙΙ,
1258 554 1318 584 55:
1341 553 1411 584 ἀλλ’
1429 553 1572 592 Ὅμηρός
1591 564 1640 584 τοι
1657 554 1822 591 τετίμακεν
1838 553 1875 585 δι’
1891 553 2012 592 ἀνθρώ-

221 623 290 644 πων
314 638 320 642 .
345 639 350 643 .
375 637 381 643 .
404 611 416 652 ΙΙ
438 637 443 642 .
467 635 474 641 .
499 635 503 640 .
537 611 633 641 τοῦτο
666 608 727 645 γὰρ
758 606 920 638 ἀθάνατον
953 608 1086 645 φωνᾶεν
1108 607 1204 645 ἕρπει,
1227 606 1238 646 ΙΙ
1261 607 1291 638 εἴ
1312 617 1359 645 τις
1383 606 1418 638 εὖ
1445 607 1516 648 εἴπῃ
1539 618 1576 647 τι,
1600 608 1650 638 καὶ
1674 632 1679 638 .
1703 634 1709 638 .
1735 633 1741 638 .
1766 608 1816 639 ἐπὶ
1838 608 1939 646 χθόνα
1962 609 2014 638 καὶ

224 667 276 697 διὰ
298 666 420 698 πόντον
445 665 586 704 βέβακεν.
611 680 647 684 —
671 662 743 691 Iam
768 670 898 700 operae
921 661 1070 700 pretium
1094 667 1146 691 est
1169 670 1391 700 cognoscere,
1411 663 1702 701 quemadmodum
1721 662 1754 692 in
1771 662 1838 692 alio
1855 662 2013 697 carmine,

224 721 320 751 Nem.
345 719 438 755 VIII,
462 720 505 749 ab
531 717 654 748 eodem
678 716 711 746 in
733 715 896 755 omphalo
919 720 1134 754 argumento,
1159 715 1202 745 ab
1225 725 1398 746 armorum
1433 717 1477 746 ad
1500 716 1641 746 Troiam
1675 716 1811 752 iudicio,
1844 716 2014 747 Pindarus

226 784 289 814 per
302 778 613 811 metacatatropam
630 770 672 801 ad
693 770 890 810 sphragidis
911 769 1127 809 propositum
1150 770 1254 809 longe
1278 771 1322 800 ab
1345 770 1403 800 illo
1426 771 1598 801 diversum
1623 771 1805 814 transierit.
1843 771 1903 801 Ait
1926 771 2015 802 enim

225 828 321 859 Nem.
341 827 432 864 VIII,
449 827 510 859 35:
533 826 580 864 εἴη
607 826 647 864 μή
673 825 752 856 ποτέ
775 835 827 864 μοι
843 827 992 856 τοιοῦτον
1007 824 1097 863 ἦθος,
1113 824 1178 856 Ζεῦ
1193 825 1302 863 πάτερ.
1335 825 1375 855 In
1391 826 1579 865 sphragide
1596 825 1720 856 deinde
1736 835 1870 855 morum
1886 826 2017 856 candor

225 888 260 912 et
286 881 481 912 innocentia
501 880 694 911 laudantur.
722 896 757 900 —-
786 879 825 908 In
855 879 1006 909 carmine
1027 878 1129 919 Pyth.
1153 879 1203 909 IV
1234 879 1266 909 in
1290 880 1440 918 omphali
1464 880 1617 910 clausula
1639 881 1706 910 hoc
1729 880 1866 910 dixerat
1895 885 2016 920 poeta:

225 936 348 975 Reges
363 934 589 975 Cyrenenses,
614 932 786 964 Arcesilai
812 933 971 972 maiores,
995 932 1161 973 singulari
1183 933 1376 973 prudentia,
1395 935 1438 964 ab
1455 933 1621 973 Apolline
1639 934 1688 964 eis
1714 935 1853 969 donata,
1872 944 2016 974 regnum

229 991 469 1023 inconcussum
507 998 675 1020 servasse.
736 987 775 1018 In
817 992 1095 1027 metaeatatropa
1139 989 1284 1018 eandem
1320 989 1352 1018 in
1394 989 1576 1019 Arcesilao
1611 989 1828 1028 prudentiam
1864 989 2016 1028 requirit,

226 1044 318 1085 Isslz.
344 1044 403 1080 IV,
425 1044 518 1076 263:
539 1045 638 1081 γνῶθι
659 1044 718 1074 νῦν
739 1043 798 1074 τὰν
822 1042 977 1074 Οἰδιπόδα
1000 1042 1130 1080 σοφίαν.

377 1099 448 1129 Sed
471 1099 503 1129 in
525 1098 579 1128 his
601 1107 690 1127 nunc
713 1097 980 1127 subsistendum.
