2222 2987
1051 256 1083 285 X?

170 360 268 389 μενος
298 349 477 388 νικηφόρος
509 349 692 387 Θεσσαλός,
718 348 848 386 πόλεως
870 349 906 379 δὲ
930 348 1140 379 Πελινναίου·
1166 348 1294 385 ἐνίκησε
1317 348 1352 378 δὲ
1377 348 1435 385 τὴν
1458 348 1607 385 εἰκοστὴν
1637 350 1790 387 δευτέραν
1818 350 1969 382 πυθιάδα,

170 404 316 444 Pythias
340 404 380 433 29
404 404 565 433 convenit
588 413 663 433 cum
688 402 898 442 Olympiade
921 403 993 437 693
1012 414 1048 428 =
1066 403 1127 433 502
1151 413 1180 432 a.
1207 401 1284 432 Chr.
1313 412 1345 431 n.
1375 401 1464 432 conf.
1494 402 1661 432 Boeckhii
1697 403 1967 442 disputationem

173 458 217 489 de
239 458 450 498 Pythiadum
474 458 781 497 computandarum
805 462 900 487 recta
924 458 1060 486 ratione
1083 456 1116 486 in
1140 456 1326 495 Explicatt.
1350 466 1383 495 p.
1407 457 1476 487 207.
1532 456 1571 486 In
1599 458 1666 487 hoc
1688 457 1794 497 igitur
1817 459 1967 490 carmine

170 512 342 542 Pindarus
365 513 411 542 ad
435 512 597 542 amussim
622 512 715 541 illam
739 510 961 550 epiniciorum
985 520 1142 540 normam
1167 510 1349 549 expressit,
1386 520 1490 549 quam
1513 511 1607 540 haud
1632 511 1735 542 dubie
1758 512 1791 541 in
1815 513 1882 543 hoc
1905 524 1968 553 ge-

170 576 253 597 nere
276 576 340 596 usu
362 572 539 607 receptam
562 566 708 603 invenit;
733 567 799 596 hoc
823 575 960 596 carmen
982 565 1085 604 plane
1108 565 1178 594 tale
1203 570 1265 599 est,
1289 571 1327 594 ut
1351 574 1392 595 eo
1416 565 1572 604 perlecto
1595 572 1777 596 venustam
1800 566 1893 597 illam
1909 578 1967 598 an-

170 621 340 661 tiquitatis
374 626 409 650 et
442 619 680 650 austeritatem
713 619 885 658 quandam
918 624 952 648 et
975 618 1192 648 dulcedinem
1215 620 1516 658 persentiscamus.
1562 619 1651 649 Nam
1675 621 1968 658 quemadmodum

170 675 204 705 in
239 675 398 705 archaico
433 674 527 714 quod
560 679 705 703 vocatur
731 683 863 713 genere
892 678 1085 702 statuarum
1116 673 1265 713 rigidam
1301 674 1474 713 quandam
1504 674 1714 714 elegantiam
1742 675 1966 706 admiramur:

169 729 379 760 lineamenta
402 729 469 760 oris
488 728 582 758 nullo
606 727 866 758 vehementiore
890 726 1019 757 affectu
1041 729 1190 763 turbata,
1225 728 1381 767 corporis
1405 729 1561 759 membra
1583 729 1811 768 aequabiliter
1832 730 1968 770 librata,

170 785 353 824 peplorum
368 794 475 823 rugas
496 793 517 812 a
534 782 650 813 medio
673 782 772 812 clavo
790 782 950 822 utrinque
967 783 1012 812 ad
1028 782 1189 812 subtilem
1211 783 1446 822 symmetriam
1467 783 1673 823 dispositas:
1690 784 1736 813 ita
1758 783 1792 814 in
1809 786 1876 815 hoc
1895 795 1969 815 ear-

171 838 263 869 mine
279 838 394 869 omnia
416 837 515 877 quasi
535 837 580 867 ad
602 837 889 876 perpendiculum
912 843 1038 866 exacta
1060 843 1148 871 sunt,
1172 842 1209 866 ut
1231 839 1318 868 haec
1339 838 1497 877 gravitas
1522 843 1556 868 et
1579 848 1709 877 pompa
1733 849 1808 869 cum
1830 839 1970 869 iuvenili

172 893 352 923 alacritate
380 898 414 922 et
442 892 568 922 ardore
598 891 709 921 mixta
739 901 808 921 non
840 891 951 930 possit
975 901 1043 921 non
1068 892 1314 922 amabilissima
1338 892 1455 923 videri.
1508 892 1609 922 Nomi
1631 903 1714 923 vero
1743 893 1970 933 Terpandrici

171 948 313 977 schema
345 953 416 977 tam
451 952 612 977 accurate
641 955 845 985 expressum
871 952 932 979 est.
963 951 1000 975 ut
1023 947 1129 976 talem
1151 947 1324 986 quandam
1350 947 1572 986 epiniciorum
1595 947 1741 978 formam
1766 950 1969 980 sollemnem

173 1007 208 1032 et
222 1001 429 1031 tralaticiam
450 1001 531 1031 olim
548 1000 717 1035 extitisse,
735 1000 869 1030 etiarnsi
885 999 1024 1028 aliunde
1045 1009 1115 1028 non
1137 1006 1322 1034 constaret,
1345 1001 1412 1030 hoc
1439 1010 1506 1029 uno
1531 1002 1680 1032 carmine
1704 1008 1836 1032 certum
1859 1004 1970 1033 videri

173 1056 330 1086 deberet.
375 1055 523 1086 Carmen
546 1055 758 1094 planissume
784 1055 817 1084 in
842 1059 975 1093 septem
998 1060 1117 1092 partes
1141 1054 1288 1083 divisum
1312 1060 1380 1085 est:
1403 1055 1619 1094 prooemium
1632 1066 1662 1086 v.
1682 1058 1761 1087 1-3
1777 1058 1828 1088 ed.
1846 1057 1969 1089 Christ.

171 1110 311 1150 Lipsiae
334 1110 428 1145 187&
454 1111 560 1140 archa
576 1119 607 1139 v.
630 1110 733 1139 4—29
754 1109 872 1144 πλόον;
895 1113 1078 1147 catatropa
1103 1118 1134 1138 v.
1152 1109 1191 1138 29
1207 1110 1303 1140 ναυσί
1320 1127 1360 1130 -
1382 1111 1436 1142 30:
1463 1111 1644 1149 omphalus
1663 1121 1692 1141 ι’.
1707 1113 1831 1143 31-43
1847 1113 1969 1150 φέρωνῑ

171 1169 451 1204 metacatatropa
465 1175 496 1195 v.
516 1165 555 1195 48
571 1164 640 1201 ἐμοί
658 1181 696 1185 -
709 1165 767 1195 54;
793 1163 955 1202 sphragis
969 1173 999 1192 v.
1013 1163 1152 1197 55—682
1177 1164 1342 1194 exodium
1359 1175 1389 1195 v.
1406 1165 1539 1196 69—72.

383 1294 412 1324 4.
450 1293 584 1323 Fabula
609 1294 651 1323 de
674 1293 806 1323 Perseo
830 1292 863 1322 in
890 1291 1048 1322 carminis
1071 1292 1188 1332 Pythii
1212 1292 1250 1322 X
1274 1293 1438 1332 omphalo
1463 1294 1545 1333 quid
1569 1295 1634 1324 sibi
1657 1295 1750 1325 velit.

685 1346 878 1386 Omphalus
902 1346 985 1376 solis
1008 1346 1116 1376 instar
1140 1357 1279 1377 carmen
1302 1347 1459 1378 illustrat.

323 1426 394 1458 Sed
417 1427 481 1457 has
503 1432 622 1466 partes
645 1436 704 1456 eur
726 1426 774 1455 ita
798 1425 1084 1460 constituerimus,
1107 1426 1198 1456 ratio
1222 1437 1312 1457 nunc
1335 1428 1513 1458 reddenda
1539 1436 1601 1460 est.
1654 1429 1774 1469 Atque
1798 1430 1972 1470 omphalus

174 1481 314 1522 quidem
337 1481 496 1511 carminis
517 1490 682 1511 maxume
707 1480 867 1510 distincte
889 1480 1051 1518 clareque
1074 1480 1352 1521 circumscriptus
1377 1488 1430 1512 est
1453 1493 1483 1512 v.
1509 1484 1633 1514 31—48
1655 1485 1781 1522 φέρων·
1812 1484 1973 1517 Continet

173 1535 327 1566 fabulam
351 1536 394 1566 de
416 1535 539 1566 Persei
563 1536 608 1565 ad
634 1535 890 1574 Hyperboreos
913 1533 1145 1573 expeditione.
1169 1535 1313 1575 Duplex
1331 1536 1404 1566 eius
1416 1536 1556 1568 fabulae
1572 1538 1777 1569 inserendae
1794 1540 1972 1570 consilium

173 1590 251 1627 fuit;
284 1590 432 1630 primum
461 1599 503 1620 ea
533 1595 759 1629 praeceptum
791 1588 986 1619 continetur
1010 1589 1054 1618 ad
1075 1589 1182 1618 ’vitam
1206 1590 1344 1620 omnino
1366 1596 1400 1621 et
1425 1601 1539 1622 mores
1563 1598 1742 1632 spectans;
1768 1594 1974 1625 describitur

175 1649 318 1675 aeterna
351 1645 522 1684 quaedam
559 1644 708 1674 felicitas
741 1643 945 1673 mortalibus
978 1643 1210 1682 pulcherrima
1236 1645 1282 1674 ad
1305 1645 1540 1685 cogitandum.
1566 1648 1627 1677 sed
1651 1647 1683 1677 in
1708 1648 1773 1678 hac
1795 1649 1867 1678 vita
1889 1659 1973 1679 nun-

176 1709 280 1739 quam
303 1699 539 1739 impetrabih's.
584 1698 724 1728 Deinde
746 1708 803 1728 res
826 1697 986 1737 publicae
1010 1697 1259 1728 Thessalorum
1282 1705 1485 1739 tanguntur;
1510 1711 1588 1730 nam
1612 1702 1732 1732 Persei
1754 1703 1820 1732 illis
1841 1709 1973 1743 tempo-

175 1753 270 1783 ribus
293 1763 420 1784 nomen
443 1753 477 1783 in
499 1752 683 1783 Thessalia
705 1758 801 1782 certa
824 1752 995 1791 quaedam
1019 1752 1211 1781 animorum
1236 1753 1270 1782 in
1292 1763 1329 1783 re
1345 1754 1486 1792 publica
1506 1755 1620 1785 studia
1637 1756 1865 1796 significabat.
1890 1758 1973 1789 Per-

178 1817 258 1838 seus
281 1807 370 1838 enim
392 1808 540 1846 primum
564 1816 717 1846 proavos
741 1812 793 1836 est
817 1805 1009 1845 principum
1033 1805 1290 1843 Thessalorum,
1315 1808 1478 1847 quoniam
1500 1809 1685 1840 Aleuadae
1708 1811 1869 1843 Herculis
1891 1824 1973 1853 pos·

178 1862 244 1892 teri
278 1867 366 1897 sunt,
400 1861 498 1892 Pind.
530 1861 632 1901 Pyth.
666 1860 714 1899 X,
739 1861 757 1890 2
781 1860 906 1898 πατρὸς
930 1859 941 1899 {j
964 1886 970 1891 .
997 1885 1003 1890 .
1027 1884 1032 1890 .
1057 1860 1276 1900 ἀριστομάχον
1305 1863 1400 1900 γένος
1430 1863 1606 1902 Ἡρακλέος
1637 1867 1810 1904 βασιλεύεις
1849 1869 1974 1900 deinde

178 1917 366 1947 secundum
382 1914 597 1946 Graecorum
613 1914 761 1949 fabulas,
785 1924 871 1953 quas
894 1914 1042 1944 libenter
1058 1924 1078 1944 a
1094 1914 1212 1945 Persis
1229 1916 1417 1956 adoptatas
1433 1918 1599 1955 videmus,
1616 1920 1771 1959 ipsorum
1788 1923 1974 1954 Persarum

176 1971 233 2001 ille
249 1970 349 2010 quasi
371 1980 500 2009 parens
520 1975 581 2009 est,
605 1979 681 2000 cum
706 1978 826 1999 eorum
848 1978 952 2008 reges
977 1978 997 1998 a
1012 1968 1130 2004 Perse,
1147 1969 1268 2000 Persei
1285 1970 1366 2006 filio,
1384 1972 1520 2003 oriundi
1537 1974 1741 2007 dicerentur.
1768 1977 1888 2017 Atque
1908 1978 1974 2009 illis

178 2024 266 2065 ipsis
286 2024 512 2064 temporibus,
537 2024 662 2064 quibus
677 2024 743 2054 hoc
759 2033 898 2053 carmen
915 2022 1143 2062 compositum
1161 2030 1223 2059 est,
1240 2024 1443 2056 familiarior
1458 2027 1526 2058 iam
1546 2038 1628 2058 usus
1645 2029 1801 2061 Thesslis
1817 2033 1974 2072 dynastis

178 2089 256 2110 cum
278 2079 396 2110 Persis
419 2078 657 2109 intercessisse
680 2078 832 2115 videtum
859 2087 927 2117 qua
951 2078 994 2107 de
1016 2087 1054 2107 re
1078 2078 1209 2117 optime
1233 2079 1395 2110 dixerunt
1416 2081 1623 2119 Boeekhius,
1648 2083 1836 2124 Explicatt.
1863 2098 1895 2127 p.
1914 2089 1973 2120 331

177 2139 213 2164 et
245 2133 368 2173 Tycho
400 2132 597 2163 Mommsen
636 2133 670 2162 in
705 2132 848 2162 aureolo
881 2131 1014 2162 libello:
1048 2132 1219 2164 Pindaros
1253 2145 1285 2174 p.
1321 2136 1370 2166 37.
1422 2135 1571 2167 Xerxen
1600 2138 1712 2178 ipsum
1743 2142 1901 2172 audimus
1935 2153 1975 2174 eo

178 2188 281 2219 titulo
303 2187 431 2218 fretum
454 2188 498 2217 ab
520 2187 666 2227 Argivis
689 2187 842 2227 petiisse,
866 2192 903 2215 ut
926 2185 1050 2216 foedus
1073 2197 1191 2218 secum
1215 2188 1368 2223 ferirent,
1392 2191 1486 2229 quod
1511 2191 1696 2223 Persarum
1720 2204 1861 2235 quoque
1881 2198 1975 2228 natio

179 2252 200 2273 a
233 2242 376 2277 Perseo,
411 2243 521 2273 heroe
554 2241 701 2281 Argivis
730 2241 844 2280 patrio
879 2246 913 2270 et
945 2241 1147 2277 domestico,
1179 2243 1347 2282 originem
1372 2245 1523 2277 duceret.
1567 2247 1771 2279 Herodotus
1794 2249 1872 2283 VII.
1899 2253 1975 2282 150:

181 2297 319 2328 ἐλθόντα
347 2298 383 2328 δὲ
410 2298 528 2328 τοῦτον
551 2297 584 2333 (i.
609 2307 637 2327 e.
661 2296 718 2327 τὸν
743 2295 878 2334 κήρυκα)
913 2296 1038 2332 λέγεται
1071 2296 1183 2328 εἰπεῖν·
1214 2297 1349 2336 Ἄνδρες
1381 2295 1524 2337 Ἀργεῖοι,
1558 2303 1710 2341 βασιλεὺς
1741 2303 1866 2343 Ξέρξης
1899 2306 1975 2337 τάδε

180 2351 252 2389 ὑμῖν
275 2351 371 2388 λέγει·
404 2351 511 2389 Ἡμεῖς
534 2351 706 2388 νομίζομεν
728 2350 863 2388 Πέρσην
886 2348 975 2388 εἶναι,
999 2350 1052 2380 ἀπ’
1075 2350 1114 2381 οὗ
1137 2351 1227 2389 ἡμεῖς
1250 2353 1438 2391 γεγόναμεν,
1462 2356 1561 2386 παῖδα
1585 2356 1735 2395 Περσέος
1755 2360 1813 2389 τοῦ
1827 2359 1974 2398 Δανάης,

211 2430 217 2436 .
240 2430 246 2435 .
269 2405 355 2436 οὕτω
378 2405 418 2436 ἂν
441 2404 486 2435 ὧν
509 2404 616 2442 εἴημεν
645 2404 792 2442 ὑμέτεροι
817 2403 984 2440 ἀπόγονοι.
1029 2403 1199 2444 Congruit
1217 2416 1294 2436 cum
1314 2407 1497 2439 Herodoto
1520 2409 1762 2449 Apollodorus
1786 2413 1815 2447 2,
1838 2414 1867 2447 4,
1893 2415 1920 2448 5,
1946 2415 1979 2445 l:
