2222 2987
1049 258 1137 288 XVI

196 359 268 389 Iam
290 358 322 388 in
347 362 528 396 catatropa
551 354 680 395 pergit:
716 363 793 384 esse
828 351 1027 382 felicitatem
1059 348 1232 388 quandam
1268 347 1517 381 inconcussam,
1549 355 1722 385 nunquam
1745 345 1928 380 turbatam,
1952 344 1985 375 in

196 412 505 453 Hyperboreorum
539 410 666 447 insulis,
700 419 768 448 quo
802 416 901 438 nemo
935 412 1085 443 unquam
1117 401 1313 432 mortalium
1336 400 1542 440 pervenerit,
1577 409 1645 430 uno
1667 399 1798 430 Perseo
1824 404 1985 439 excepto,

193 465 286 508 AE-lle.
309 465 351 501 X,
367 466 431 498 29:
453 465 549 497 ναυσὶ
571 467 598 496 δ’
623 464 697 495 οὔτε
718 462 815 499 πεζὸς
838 460 895 491 ἰὼν
918 459 958 490 ἂν
981 457 1087 496 εὕροις
1109 456 1122 496 ll
1145 456 1180 494 ἐς
1202 453 1428 494 Ὑπερβορέων
1459 454 1570 491 ἀγῶνα
1598 453 1763 492 Θαυματὰν
1791 453 1879 485 ὁδόν.
1926 452 1985 485 Se-

194 521 309 560 quitur
331 520 512 560 omphalus
536 530 556 550 a
578 517 780 558 pronomine
802 514 948 545 relativo
972 511 1137 551 incipiens
1156 521 1186 541 v.
1210 510 1268 541 32:
1290 508 1364 548 παρ’
1387 508 1436 547 οἷς
1451 519 1530 540 ποτε
1542 508 1692 546 Περσεὺς
1708 508 1861 539 ἐδαίσατο
1878 533 1884 539 .
1901 533 1906 538 .
1924 532 1930 538 .
1945 525 1985 530 —-

193 575 232 606 In
255 575 413 606 carminis
436 574 518 604 Isth.
541 573 590 602 VI
614 571 719 602 archa
740 575 855 609 poeta,
880 567 1004 597 leniter
1026 566 1164 605 quidem
1187 570 1357 603 tecteque,
1381 564 1443 594 sed
1474 562 1756 602 intellegentibus
1788 563 1882 592 haud
1917 572 1986 593 am-

191 629 307 669 bigue,
330 629 574 668 Spartanorum
598 625 746 655 animum
770 623 943 662 ingratum
966 620 1139 659 tetigerat,
1163 619 1220 659 qui
1242 628 1307 658 pro
1330 617 1498 648 beneficio
1516 617 1596 647 olim
1613 627 1633 646 a
1649 617 1826 647 Thebanis
1839 624 1984 657 accepto

193 684 327 723 gratias
357 683 390 712 in
425 690 556 711 summo
593 679 791 708 Thebarum
824 675 1018 706 discrimine
1050 674 1251 713 persolvere
1284 672 1489 703 omisissent.
1540 671 1681 711 Mitigat
1708 671 1986 711 reprehensionis

194 736 418 768 acerbitatem
442 732 665 764 excusatione
688 731 825 761 adiecta
847 740 877 760 v.
906 729 963 759 17:
987 727 1169 766 ἀμνάμονες
1193 728 1228 759 δὲ
1253 727 1370 766 βροτοί,
1391 726 1402 766 ΙΙ
1418 727 1436 758 ὅ
1458 737 1487 758 τι
1513 727 1552 764 μὴ
1577 726 1699 764 σοφίας
1729 725 1836 756 ἄωτον
1860 725 1959 764 ἄκρον
1975 726 1988 766 ΙΙ

193 792 323 828 κλυταῖς
347 790 452 820 ἐπέων
475 788 599 826 ῥοαῖσιν
623 786 758 823 ἐξίκηται
782 784 884 821 ζυγέν.
930 783 1001 814 Sed
1023 782 1110 812 haec
1131 782 1207 821 ipsa
1228 782 1372 821 egregie
1403 781 1570 812 factorum
1603 780 1810 811 inevitabilis
1844 780 1986 815 oblivio,

194 854 292 884 quae,
309 843 373 873 nisi
395 841 545 872 carmina
558 845 741 880 poetarum
756 838 831 873 sint,
856 835 1106 867 immortalitati
1129 836 1386 876 prospicientia,
1411 835 1533 866 merita
1554 835 1609 865 vel
1633 835 1863 874 pulcherrima
1885 840 1988 866 nocte

195 898 365 928 invidiosa
387 897 518 930 obruat,
543 894 799 924 incitamentum
824 891 1005 931 egregium
1029 901 1107 921 esse
1131 890 1244 923 debet,
1268 895 1305 919 ut
1321 899 1409 920 nunc
1430 888 1656 928 Strepsiadae
1673 889 1830 919 Thebani
1856 889 1987 920 meritis

195 957 229 982 et
262 950 429 982 victoriae
464 949 555 980 omni
590 947 768 988 diligentia
805 956 825 976 a
858 951 964 986 poeta
992 945 1141 976 carmine
1174 944 1416 984 prospiciatur.
1469 944 1547 974 Hoc
1585 944 1649 974 sibi
1686 944 1759 973 volt
1795 949 1986 983 catatropa,

193 1005 274 1036 lsflz.
305 1004 360 1037 VI.
384 1005 450 1036 20:
483 1003 599 1041 κώμαζ’
625 1002 749 1033 ἔπειτεν
771 1000 918 1039 ἁδυμελεῖ
942 1000 1004 1031 σὺν
1027 999 1114 1040 ὕμνῳ
1134 999 1146 1039 Η
1169 999 1220 1030 καὶ
1233 999 1430 1038 Στρεψιάδᾳ·
1453 998 1544 1037 φέρει
1569 998 1631 1036 γὰρ
1652 998 1774 1037 Ἰσθμοῖ
1797 998 1886 1029 νίκαν
1908 1008 1987 1034 παγ-

191 1070 330 1099 κρατιου.

255 1225 302 1256 17.
339 1224 467 1255 Classis
489 1221 648 1263 septimae
671 1220 743 1251 tria
766 1221 929 1260 exempla
951 1226 1146 1259 postrema:
1180 1219 1230 1250 Ol.
1255 1219 1281 1255 I,
1311 1219 1407 1250 A'em.
1436 1218 1508 1253 VII,
1534 1218 1612 1250 Isth.
1634 1218 1679 1250 ΙΙ.
1704 1218 1923 1250 Gravisimae

304 1280 410 1319 longe
433 1277 521 1308 inter
544 1281 762 1315 catatropam
786 1281 820 1306 et
844 1275 983 1305 archam
1009 1273 1234 1304 dissensionis
1258 1274 1459 1314 exemplum
1483 1282 1621 1304 carmen
1645 1278 1697 1304 est
1719 1273 1800 1304 Isth.
1823 1273 1865 1305 II.

344 1379 477 1409 Eodem
514 1377 663 1417 pertinet
700 1375 858 1406 carminis
896 1375 949 1406 Ol.
979 1374 995 1404 I
1034 1381 1223 1414 catatropa.
1281 1375 1320 1405 In
1358 1375 1463 1405 archa
1501 1380 1756 1405 memoraverat
1793 1381 1899 1414 poeta
1936 1374 1987 1406 fa-

191 1444 282 1465 mam
306 1434 487 1473 volgarem
511 1437 615 1471 atque
638 1431 731 1460 haud
755 1430 839 1460 satis
863 1430 1004 1469 dignam
1029 1430 1071 1460 de
1095 1429 1227 1469 Pelope
1251 1440 1270 1459 a
1293 1434 1395 1469 patre
1418 1428 1566 1459 Tantalo
1590 1429 1623 1458 in
1647 1429 1790 1459 deorum
1813 1429 1987 1460 immorta-

189 1489 271 1519 lium
295 1488 405 1528 epulis
428 1487 461 1517 in
485 1486 590 1516 frusta
621 1485 782 1516 dissecto.
828 1484 927 1514 Hanc
958 1483 1112 1514 fabulam
1142 1484 1366 1514 vehementer
1389 1483 1653 1523 improbandam
1676 1489 1802 1514 censet.
1846 1483 1919 1514 Iam
1953 1485 1986 1515 in

191 1548 376 1582 catatropa
399 1541 499 1572 dicit:
524 1541 557 1570 in
577 1540 690 1570 locum
713 1539 852 1569 fabulae
872 1538 1038 1578 indignae
1060 1538 1236 1569 meliorem
1261 1549 1298 1568 se
1320 1548 1410 1568 nunc
1433 1544 1467 1568 et
1496 1538 1608 1577 magis
1637 1539 1799 1568 decoram
1824 1539 1986 1570 substitu-

190 1604 312 1629 turum.
361 1596 411 1627 Ol.
435 1595 462 1631 I,
485 1595 545 1627 31:
568 1595 665 1633 Χάρις
690 1620 695 1626 .
720 1619 725 1624 .
750 1619 755 1624 .
778 1593 789 1633 ΙΙ
813 1594 1006 1632 ἐπιφέροισα
1028 1593 1121 1631 τιμὰν
1144 1593 1194 1623 καὶ
1218 1592 1354 1624 ἄπιστον
1377 1593 1520 1630 ἐμήσατο
1542 1593 1658 1624 πιστὸν
1681 1592 1692 1633 Η
1711 1593 1841 1631 ἔμμεναι
1857 1594 1894 1625 τὸ
1910 1596 1986 1626 πολ-

191 1652 294 1689 λάκις·
318 1650 330 1691 [Ι
354 1677 360 1682 .
385 1676 390 1682 .
417 1677 423 1682 .
448 1650 515 1681 ἔστι
538 1649 564 1680 δ’
590 1649 680 1688 ἀνδρὶ
705 1648 812 1687 φάμεν
835 1649 941 1686 ἐοικὸς
965 1648 1046 1686 ἀμφὶ
1079 1648 1240 1685 δαιμόνων
1272 1647 1367 1678 καλά’
1403 1648 1499 1686 μείων
1533 1648 1595 1685 γὰρ
1628 1647 1718 1678 αἰτία.
1743 1666 1783 1669 -
1806 1648 1986 1679 Simillima

193 1707 275 1741 eius,
310 1715 414 1745 quam
447 1705 553 1734 modo
586 1703 819 1738 tractavimus,
844 1707 1026 1741 catatropa
1055 1708 1107 1732 est
1130 1702 1163 1732 in
1189 1702 1339 1732 carmine
1362 1702 1492 1732 Nemeo
1515 1702 1591 1733 VH.
1637 1702 1676 1732 In
1700 1708 1858 1733 extrema
1881 1704 1987 1734 archa

191 1760 319 1791 dietum
343 1764 432 1790 erat:
470 1759 637 1789 Homines
671 1768 753 1788 vere
783 1757 966 1796 sapientes,
997 1756 1107 1796 qualis
1132 1757 1175 1786 sit
1199 1756 1382 1795 Thearion,
1407 1767 1476 1787 non
1499 1756 1623 1786 falsam
1646 1757 1796 1796 gloriam
1819 1757 1985 1788 fucatum-

191 1824 258 1854 que
290 1814 436 1844 nitorem
470 1819 651 1853 expetere3
687 1822 748 1842 eos
782 1821 919 1850 semper
951 1810 1141 1841 eommunis
1164 1810 1339 1840 hominum
1364 1810 1466 1840 sortis
1497 1820 1668 1841 memores
1692 1821 1776 1847 esse,
1801 1821 1890 1851 quae
1914 1819 1985 1842 tam

192 1869 483 1909 opulentissimos,
509 1878 611 1907 quam
637 1873 782 1907 egentes
806 1867 851 1896 ad
873 1872 1021 1896 mortem
1044 1865 1170 1911 rapiam
1196 1875 1227 1895 V.
1254 1864 1290 1895 19
1316 1864 1440 1902 ἀφνεὸς
1464 1865 1617 1902 πενιχρός
1639 1875 1673 1896 τε
1697 1865 1838 1896 θανάτου
1854 1867 1956 1905 πέρας
1974 1866 1986 1907 ΙΙ

192 1923 256 1962 ἅμα
280 1924 416 1955 νέονται.
461 1923 533 1952 Iam
558 1922 712 1961 sequitur
736 1926 937 1960 catatropa:
968 1920 1098 1950 Verum
1123 1918 1211 1948 dulci
1237 1928 1297 1948 ore
1318 1917 1491 1948 Homerus
1515 1918 1685 1948 interdum
1711 1919 1743 1948 in
1769 1919 1987 1955 carminibus,

189 1977 300 2017 gratis
322 1976 508 2007 mendaciis
537 1976 755 2016 plenissimis,
789 1974 877 2005 falsa
900 1974 1084 2013 fucataque
1107 1972 1230 2003 merita
1253 1972 1412 2002 laudibus
1437 1972 1570 2007 extulit,
1594 1983 1713 2003 veram
1737 1973 1899 2004 virtutem
1923 1975 1983 2005 ob-

190 2031 354 2065 scuravit;
389 2030 501 2060 Ulixis
524 2031 617 2060 haud
653 2029 755 2060 dubie
790 2038 972 2059 aerumnas
1006 2029 1214 2066 laboresque
1249 2037 1332 2057 vero
1365 2027 1585 2066 augustiores
1620 2027 1840 2067 maioresque
1872 2027 1985 2065 finxit3

189 2085 286 2115 lVem.
315 2084 391 2120 VH,
415 2085 479 2116 20:
511 2085 574 2121 ἐγὼ
607 2085 642 2115 δὲ
674 2083 780 2114 πλέον’
817 2083 951 2120 ἔλπομαι
974 2081 985 2121 [Ι
1009 2082 1106 2118 λόγον
1130 2081 1310 2119 Ὀδυσσέος
1345 2082 1363 2119 ἢ
1397 2081 1498 2111 πάθεν
1527 2081 1579 2111 διὰ
1611 2081 1668 2112 τὸν
1703 2081 1824 2119 ἁδυεπῆ
1857 2081 1985 2119 γένεσθ’

188 2140 340 2178 Ὅμηρον.
394 2139 431 2169 In
466 2139 628 2178 omphalo
660 2138 814 2177 sequitur
836 2137 989 2167 narratio
1025 2137 1067 2166 de
1099 2135 1320 2165 iniustissima
1352 2134 1564 2165 Graecorum
1594 2134 1627 2164 in
1659 2145 1832 2166 armorum
1855 2136 1981 2166 iudicio

191 2193 371 2224 sententia.
401 2210 440 2214 —-
464 2193 594 2223 Eadem
618 2198 670 2223 est
693 2198 894 2231 catatropae
917 2197 1040 2221 natura
1064 2196 1097 2221 et
1120 2189 1208 2220 ratio
1230 2190 1263 2219 in
1287 2189 1437 2220 carmine
1459 2189 1602 2219 Isthmio
1625 2189 1668 2219 Π.
1715 2189 1754 2220 In
1777 2191 1882 2220 archa
1905 2190 1984 2220 Pin-

190 2248 294 2278 darus
317 2247 443 2278 saeculi
466 2257 580 2277 mores
602 2247 751 2277 incusat:
777 2246 891 2276 omnia
915 2245 1042 2275 divitiis
1066 2251 1099 2275 et
1123 2245 1248 2284 opibus
1270 2244 1360 2284 regi;
1383 2254 1425 2274 ne
1448 2243 1584 2274 Musam
1607 2244 1756 2283 quidem,
1790 2254 1879 2284 quae
1902 2245 1983 2275 olim

189 2300 323 2332 dilectis
356 2301 551 2331 hominibus
582 2301 674 2331 nulla
704 2300 839 2340 argenti
874 2309 935 2339 spe
968 2299 1170 2336 inservierit,
1200 2309 1289 2329 nunc
1313 2299 1385 2329 sine
1409 2299 1569 2329 mercede
1594 2299 1686 2328 dona
1709 2309 1770 2329 sua
1791 2298 1982 2339 porrigere.

189 2355 298 2386 Nimis
320 2354 478 2395 profecto
500 2364 588 2384 nunc
612 2364 731 2384 verum
756 2363 832 2384 esse
854 2353 1070 2384 Aristodemi
1095 2353 1238 2384 dictum:
1263 2353 1423 2391 Χρήματα,
1447 2352 1579 2391 χρήματ’
1604 2352 1699 2391 ἀνήρ.ν
1741 2352 1905 2393 Sequitur
1929 2363 1984 2383 ca-

192 2415 348 2449 tatropa:
388 2409 527 2444 Verum,
564 2409 792 2448 Thrasybule,
828 2414 873 2444 tu,
899 2417 966 2447 qua
990 2417 1026 2437 es
1050 2407 1243 2447 prudentia,
1265 2407 1420 2447 adprime
1442 2416 1572 2446 gnarus
1603 2416 1648 2442 es,
1683 2416 1738 2437 me
1761 2417 1828 2437 non
1853 2417 1930 2438 esse
1951 2407 1985 2436 in
