2222 2987
1134 262 1170 292 X

259 361 310 393 sui
327 369 450 390 venam
467 359 678 399 procedente
702 364 859 396 ternpore
883 357 1057 387 excultum
1077 355 1116 385 iri
1140 359 1174 384 et
1196 353 1500 393 triumphaturam;
1523 353 1620 384 Nem.
1642 353 1702 392 IV,
1725 355 1777 385 41:
1798 355 1867 393 ἐμοὶ
1889 357 1916 387 δ’
1933 355 2048 387 ὁποίαν

259 415 377 454 ἀρετὰν
399 414 411 454 ΙΙ
434 414 532 445 ἔδωκε
554 413 678 451 πότμος
702 412 788 447 ἄναξ,
811 411 822 451 ΙΙ
845 411 880 442 εὖ
905 409 963 442 οἶδ’
988 409 1036 440 ὅτι
1059 409 1177 447 χρόνος
1201 408 1309 446 ἕρπων
1332 408 1546 446 πεπρωμέναν
1568 408 1700 440 τελέσει.
1745 407 1823 439 Hoc
1850 409 2047 440 vaticinium

260 474 385 501 eventu
409 468 457 498 ita
481 465 719 498 confirmatum
744 470 805 504 est,
829 470 981 503 utquam
996 463 1029 492 id
1045 471 1163 493 verum
1175 467 1277 497 esset,
1301 461 1366 501 ipsi
1380 461 1577 501 Aeginetae
1594 462 2046 503 clarissimeintellegerent.

258 523 346 554 Nam
370 522 463 552 haud
485 522 590 560 longe
614 525 702 560 post,
729 528 806 549 cum
829 517 1026 548 felicissima
1049 516 1129 547 olim
1154 515 1267 546 insula
1290 517 1334 545 ab
1358 515 1630 547 Atheniensibus
1653 517 1868 556 gravissimis
1892 517 2048 548 cladibus

261 582 489 617 premeretur,
513 584 618 604 aurea
639 573 696 602 illa
711 571 851 602 Pindari
866 575 1055 610 praecepta
1071 576 1105 601 et
1128 570 1261 607 solatia,
1284 571 1427 600 heroum
1441 580 1579 600 suorum
1592 570 1717 601 sabulis
1730 571 1907 607 illustrata,
1931 572 2047 603 luben-

259 630 399 661 tissimis
422 630 469 659 illi
493 628 612 659 animis
636 627 846 664 auribusque
869 624 1088 656 imbiberunt.

429 794 474 824 10.
510 792 622 822 Unam
646 800 724 821 esse
746 790 838 820 viam
861 790 946 820 artis
969 789 1174 820 Pindaricae
1196 791 1468 829 pernoscendae,
1492 790 1519 820 si
1542 790 1634 820 nomi
1657 791 1882 830 Terpandrici

618 845 768 885 partium
791 844 993 884 singillatim
1015 844 1165 884 vestigia
1188 844 1302 874 omnia
1325 844 1358 874 in
1381 844 1454 874 eius
1480 845 1686 876 carminibus

866 898 1111 938 conquirantur
1134 903 1168 928 et
1191 898 1440 929 examinentur.

405 993 459 1023 Ex
484 992 541 1029 eis.
567 1001 656 1031 quae
680 990 943 1030 disputavimus,
966 990 1084 1029 paullo
1109 989 1259 1020 fortasse
1283 990 1408 1020 clarior
1430 990 1468 1021 fit
1492 991 1596 1031 prisci
1628 992 1716 1022 illius
1740 992 1964 1032 epiniciorum
1987 1003 2047 1033 ge-

256 1049 348 1080 neris
370 1047 522 1078 historia.
567 1045 735 1082 Vidimus,
759 1050 888 1084 quanta
911 1044 1100 1075 tenacitate
1124 1044 1335 1074 severiorem
1367 1045 1459 1075 nomi
1482 1045 1710 1085 Terpandrici
1740 1056 1897 1077 normam
1930 1047 2046 1086 poesis

256 1103 344 1134 illius
367 1102 517 1132 cultores
541 1099 751 1130 retinuerint.
796 1099 884 1128 Nam
909 1099 997 1128 altas
1020 1098 1114 1129 haud
1138 1099 1241 1129 dubie
1264 1098 1398 1130 radices
1422 1100 1608 1130 carminum
1631 1101 1676 1130 ad
1691 1101 1780 1131 hunc
1796 1102 1936 1131 modum
1954 1111 2045 1132 com-

255 1157 448 1197 positorum
472 1155 658 1185 auctoritas
683 1159 717 1184 et
739 1154 854 1193 gratia
876 1153 909 1183 in
933 1153 1054 1183 animis
1076 1153 1251 1183 hominum
1275 1158 1406 1193 egerat.
1450 1153 1573 1193 Itaque
1597 1154 1795 1184 coniectura
1811 1155 1933 1186 saltem
1954 1165 2046 1185 asse-

256 1212 313 1251 qui
336 1211 425 1245 licet,
451 1219 540 1249 quae
562 1209 595 1238 in
616 1209 683 1238 hoc
704 1217 834 1247 genere
857 1207 1027 1237 Pindarus
1051 1207 1178 1237 tradita
1202 1212 1236 1237 et
1259 1207 1411 1238 stabilita
1436 1208 1611 1239 invenerit.
1668 1208 1868 1239 Proximum
1890 1210 1958 1239 iam
1983 1216 2044 1241 est.

256 1270 293 1295 ut
323 1260 535 1297 definiamus,
570 1272 637 1301 qua
660 1261 794 1291 ratione
816 1261 989 1291 Pindarus
1012 1260 1157 1291 formam
1183 1261 1370 1300 antiquitus
1393 1267 1625 1302 propagatam
1652 1263 1838 1293 variaverit
1871 1269 1904 1293 et
1937 1273 2044 1303 augu-

257 1320 399 1350 stiorem
421 1317 618 1348 reddiderit.
642 1316 730 1346 Nam
746 1318 812 1347 hoc
828 1317 967 1356 quidem
989 1317 1106 1347 statim
1129 1318 1185 1347 vel
1207 1318 1317 1348 levius
1342 1327 1414 1347 rem
1437 1317 1629 1356 inspicienti
1652 1323 1758 1357 patet,
1782 1327 1858 1347 eum
1882 1323 2046 1357 tanquam

256 1374 402 1404 alterum
427 1372 599 1412 quendam
622 1371 865 1401 Prometheum
888 1381 1015 1402 novam
1042 1371 1191 1402 animam
1213 1372 1266 1401 his
1290 1371 1408 1402 formis
1430 1372 1627 1411 inspirasse.
1673 1371 1889 1411 Quamquam
1910 1372 1999 1401 enim
2015 1371 2048 1401 in

256 1427 378 1467 priscis
400 1426 466 1456 illis
489 1425 608 1456 formis
631 1425 812 1456 servandis
835 1435 997 1456 maxume
1020 1425 1115 1465 pium
1138 1431 1172 1456 et
1198 1426 1397 1465 religiosum
1425 1431 1532 1465 poeta
1562 1426 1681 1456 talium
1713 1436 1825 1456 rerum
1860 1426 2046 1456 observan—

256 1482 408 1512 tissimus
432 1491 470 1511 se
492 1479 662 1520 praebuit,
687 1485 803 1510 tamen
826 1480 966 1519 genium
990 1490 1088 1510 suum
1112 1480 1178 1510 illis
1202 1481 1331 1520 regulis
1355 1486 1519 1520 tanquam
1542 1480 1770 1520 compedibus
1793 1481 1911 1510 vinciri
1944 1487 1979 1510 et
2003 1480 2047 1510 ab

257 1536 379 1567 audaci
410 1540 444 1566 et
475 1534 585 1565 libero
617 1534 651 1564 in
685 1534 861 1564 aetherem
894 1544 995 1565 cursu
1023 1534 1163 1565 retineri
1192 1534 1290 1565 nefas
1319 1535 1458 1565 omnino
1483 1535 1625 1574 putavit.
1669 1535 1743 1565 Iam
1766 1535 1871 1574 igitur
1893 1540 1929 1564 ut
1953 1534 2045 1565 clare

255 1592 323 1621 hoc
342 1589 582 1630 perspiciatur,
617 1598 685 1628 qua
717 1587 890 1618 Pindarus
921 1593 995 1619 arte
1023 1588 1223 1628 disciplinae
1246 1589 1375 1620 veteris
1399 1589 1656 1620 observantiam
1679 1599 1755 1619 curn
1779 1588 1907 1628 ingenii
1931 1588 2047 1618 divina

256 1644 418 1675 libertate
451 1643 485 1673 in
518 1642 731 1672 harmoniam
754 1642 994 1672 suavissimam
1017 1643 1215 1679 conciliarit,
1251 1643 1300 1673 ita
1323 1644 1562 1683 quaestionem
1585 1648 1738 1674 nostram
1761 1643 1985 1678 instituemus,
2009 1651 2047 1673 ut

257 1698 372 1729 omnia
404 1697 533 1728 veteris
566 1706 708 1727 normae
741 1697 893 1736 vestigia
924 1696 956 1726 in
990 1696 1130 1726 Pindari
1153 1697 1358 1728 carminibus
1383 1708 1421 1728 se
1445 1697 1627 1728 offerentia
1649 1697 1863 1737 colligamus.
1908 1697 1987 1727 Hoc
2010 1702 2047 1727 ut

257 1752 377 1784 ordine
401 1762 460 1783 suo
482 1750 552 1787 fiat,
577 1752 620 1782 de
643 1751 793 1781 omnium
815 1761 904 1782 nunc
925 1751 1018 1781 nomi
1040 1751 1267 1791 Terpandrici
1288 1751 1437 1791 partium
1469 1762 1530 1782 usu
1553 1752 1646 1791 apud
1671 1751 1858 1782 Pindarum
1881 1751 2044 1786 dicamus,

256 1816 413 1838 seorsum
436 1815 643 1845 unaquaque
665 1815 728 1845 per
752 1806 866 1836 omnia
882 1806 1034 1836 carmina
1050 1815 1199 1836 excussa
1214 1811 1248 1836 et
1270 1805 1477 1837 examinata.
1521 1805 1640 1845 Atque
1656 1812 1693 1836 ut
1709 1815 1759 1841 ea,
1777 1815 1866 1845 quae
1882 1815 2045 1836 maxume

255 1862 291 1891 in
314 1861 434 1891 oculos
456 1860 618 1895 incidunt,
642 1859 789 1899 primum
813 1865 1010 1896 tractemus,
1032 1860 1163 1890 initium
1187 1859 1363 1899 capiamus
1384 1870 1405 1890 a
1428 1860 1561 1890 duobus
1583 1859 1648 1889 illis
1677 1860 1775 1899 quasi
1809 1859 1919 1895 metis,
1956 1860 2046 1890 intra

256 1925 343 1955 quas
365 1914 545 1954 omphalus
569 1913 728 1951 decurrit,
763 1923 784 1943 a
816 1914 986 1954 catafropa
1009 1918 1044 1944 et
1066 1915 1333 1954 wletacaz‘zzlropa,
1384 1914 1500 1944 Unum
1523 1919 1640 1944 autem
1662 1914 1958 1953 praemonendum
1982 1920 2044 1947 est.

256 1969 421 2009 quoniam
453 1967 658 1998 varietatem
691 1977 773 1998 usus
806 1967 981 1998 Pindarici
1015 1969 1184 2008 exemplis
1215 1968 1248 1998 in
1272 1969 1402 1999 classes
1426 1967 1599 2008 discriptis
1622 1968 1890 1998 demonstraturi
1915 1978 2045 1999 sumus:

257 2033 334 2053 cum
356 2022 497 2052 Pindari
519 2021 671 2052 carmina
692 2021 812 2051 XLIV
834 2022 1034 2057 habeamus,
1073 2033 1192 2053 eorum
1215 2029 1293 2053 octo
1317 2023 1360 2053 ab
1384 2024 1449 2053 hac
1471 2022 1674 2062 quaestione
1701 2023 1913 2053 removenda
1936 2028 1970 2053 et
1993 2033 2046 2053 se-

256 2077 419 2117 ponenda
444 2075 544 2106 nobis
566 2075 691 2114 videri;
713 2085 792 2105 nam
814 2085 929 2111 unum,
953 2085 1090 2106 carmen
1110 2076 1208 2107 Nem.
1232 2076 1296 2116 XI,
1319 2077 1352 2107 in
1374 2076 1619 2117 Aristagoram
1642 2077 1842 2112 Teneffium,
1867 2076 2046 2117 epinicium

258 2130 395 2162 omnino
418 2140 486 2160 non
510 2134 571 2166 est,
596 2130 658 2160 sed
682 2130 870 2160 encomium
894 2130 926 2160 in
949 2130 1060 2160 virum
1085 2131 1129 2160 ad
1152 2131 1308 2171 prytanis
1331 2140 1453 2161 munus
1476 2130 1695 2170 designatum
1714 2140 1860 2170 eumque
1875 2131 2043 2161 honorem

257 2184 323 2215 sibi
345 2184 546 2214 mandatum
570 2183 768 2214 sollemnius
791 2183 987 2224 lautiusque
1010 2185 1253 2216 celebrantem.
1298 2184 1450 2224 Reliqua
1472 2194 1555 2229 uero
1580 2190 1729 2224 septem:
1758 2184 1809 2216 Ol.
1833 2185 1891 2216 IV.
1916 2184 1957 2216 V.
1980 2184 2044 2215 XI.

257 2239 338 2269 XII.
359 2237 469 2273 X1V;
504 2237 604 2278 Pyth.
628 2237 714 2275 V11;
752 2238 848 2268 Nem.
872 2237 906 2268 H
928 2243 999 2268 tam
1031 2238 1153 2269 brevia
1186 2244 1274 2275 sunt,
1308 2244 1346 2269 ut
1379 2237 1600 2269 artificiosior
1623 2239 1681 2269 illa
1704 2239 1797 2269 nomi
1819 2239 2046 2278 Terpandrici

257 2297 431 2324 structura
461 2291 494 2322 in
528 2292 577 2322 eis
610 2292 724 2322 locum
746 2301 815 2322 non
838 2292 1016 2323 invenerit.
1061 2293 1259 2324 Remanent
1281 2293 1387 2333 igitur
1410 2293 1563 2324 carmina
1584 2293 1762 2328 XXXVI,
1787 2303 1933 2333 quorum
1955 2303 2043 2324 nunc

256 2346 465 2386 compositio
490 2345 683 2376 accuratius
706 2346 960 2377 consideranda
982 2352 1044 2378 est.
