<?xml version="1.0" encoding="UTF-8"?>
<!DOCTYPE html PUBLIC "-//W3C//DTD XHTML 1.0 Transitional//EN"
    "http://www.w3.org/TR/xhtml1/DTD/xhtml1-transitional.dtd">
<html xmlns="http://www.w3.org/1999/xhtml" xml:lang="en" lang="en">
 <head>
  <title>
</title>
<meta http-equiv="Content-Type" content="text/html;charset=utf-8" />
  <meta name='ocr-system' content='tesseract 3.04.00' />
  <meta name='ocr-capabilities' content='ocr_page ocr_carea ocr_par ocr_line ocrx_word'/>
</head>
<body>
  <div class='ocr_page' id='page_1' title='image "./depriscaecuiusda00luebuoft_0013.png"; bbox 0 0 2222 2987; ppageno 0'>
   <div class='ocr_carea' id='block_1_1' title="bbox 1040 285 1094 316">
    <p class='ocr_par' dir='ltr' id='par_1_1' title="bbox 1040 285 1094 316">
     <span class='ocr_line' id='line_1_1' title="bbox 1040 285 1094 316; baseline -0.019 0"><span class='ocrx_word' id='word_1_1' title='bbox 1040 285 1094 316; x_wconf 85' lang='lat' dir='ltr'><strong>XI</strong></span> 
     </span>
    </p>
   </div>
   <div class='ocr_carea' id='block_1_2' title="bbox 212 488 1930 583">
    <p class='ocr_par' dir='ltr' id='par_1_2' title="bbox 212 488 1930 583">
     <span class='ocr_line' id='line_1_2' title="bbox 212 488 1930 532; baseline -0.002 -9"><span class='ocrx_word' id='word_1_2' title='bbox 212 494 260 524; x_wconf 92' lang='lat'><strong>11.</strong></span> <span class='ocrx_word' id='word_1_3' title='bbox 299 491 568 532; x_wconf 89' lang='lat' dir='ltr'><strong>Catatroparum</strong></span> <span class='ocrx_word' id='word_1_4' title='bbox 591 496 724 530; x_wconf 86' lang='lat' dir='ltr'><strong>septem</strong></span> <span class='ocrx_word' id='word_1_5' title='bbox 748 491 878 521; x_wconf 84' lang='lat' dir='ltr'><strong>classes</strong></span> <span class='ocrx_word' id='word_1_6' title='bbox 900 490 1061 520; x_wconf 87' lang='lat' dir='ltr'><strong>constitui</strong></span> <span class='ocrx_word' id='word_1_7' title='bbox 1085 499 1200 529; x_wconf 85' lang='lat' dir='ltr'><strong>posse,</strong></span> <span class='ocrx_word' id='word_1_8' title='bbox 1224 493 1329 528; x_wconf 87' lang='lat' dir='ltr'><strong>prout</strong></span> <span class='ocrx_word' id='word_1_9' title='bbox 1352 488 1465 528; x_wconf 82' lang='lat' dir='ltr'><strong>magis</strong></span> <span class='ocrx_word' id='word_1_10' title='bbox 1488 488 1642 519; x_wconf 82' lang='lat' dir='ltr'><strong>minusve</strong></span> <span class='ocrx_word' id='word_1_11' title='bbox 1666 494 1725 518; x_wconf 89' lang='lat' dir='ltr'><strong>aut</strong></span> <span class='ocrx_word' id='word_1_12' title='bbox 1747 488 1930 528; x_wconf 84' lang='lat' dir='ltr'><strong>seiungant</strong></span> 
     </span>
     <span class='ocr_line' id='line_1_3' title="bbox 309 542 1818 583; baseline -0.002 -7"><span class='ocrx_word' id='word_1_13' title='bbox 309 552 368 576; x_wconf 92' lang='lat' dir='ltr'><strong>aut</strong></span> <span class='ocrx_word' id='word_1_14' title='bbox 389 545 550 576; x_wconf 76' lang='lat' dir='ltr'>vinciant.</span> <span class='ocrx_word' id='word_1_15' title='bbox 594 543 714 574; x_wconf 77' lang='lat' dir='ltr'><strong>Prima</strong></span> <span class='ocrx_word' id='word_1_16' title='bbox 738 543 858 574; x_wconf 86' lang='lat' dir='ltr'><strong>classis</strong></span> <span class='ocrx_word' id='word_1_17' title='bbox 881 553 957 574; x_wconf 90' lang='lat' dir='ltr'><strong>cum</strong></span> <span class='ocrx_word' id='word_1_18' title='bbox 980 545 1048 573; x_wconf 66' lang='lat' dir='ltr'><strong>octo</strong></span> <span class='ocrx_word' id='word_1_19' title='bbox 1069 543 1253 583; x_wconf 82' lang='lat' dir='ltr'><strong>exemplis:</strong></span> <span class='ocrx_word' id='word_1_20' title='bbox 1281 543 1378 574; x_wconf 63' lang='lat' dir='ltr'><strong>A&#39;cm.</strong></span> <span class='ocrx_word' id='word_1_21' title='bbox 1403 543 1466 579; x_wconf 90' lang='lat' dir='ltr'><em>III,</em></span> <span class='ocrx_word' id='word_1_22' title='bbox 1491 543 1588 574; x_wconf 67' lang='lat' dir='ltr'><strong>Nem.</strong></span> <span class='ocrx_word' id='word_1_23' title='bbox 1622 543 1656 579; x_wconf 89' lang='lat' dir='ltr'><strong>V,</strong></span> <span class='ocrx_word' id='word_1_24' title='bbox 1682 542 1732 573; x_wconf 83' lang='lat' dir='ltr'><strong>Ol.</strong></span> <span class='ocrx_word' id='word_1_25' title='bbox 1757 543 1818 578; x_wconf 83' lang='lat' dir='ltr'><strong>IX,</strong></span> 
     </span>
    </p>
   </div>
   <div class='ocr_carea' id='block_1_3' title="bbox 536 597 1598 640">
    <p class='ocr_par' dir='ltr' id='par_1_3' title="bbox 536 597 1598 640">
     <span class='ocr_line' id='line_1_4' title="bbox 536 597 1598 640; baseline -0.001 -10"><span class='ocrx_word' id='word_1_26' title='bbox 536 599 632 630; x_wconf 61' lang='lat' dir='ltr'><strong>A&#39;em.</strong></span> <span class='ocrx_word' id='word_1_27' title='bbox 666 598 755 633; x_wconf 87' lang='lat' dir='ltr'><em>VIII,</em></span> <span class='ocrx_word' id='word_1_28' title='bbox 784 597 878 640; x_wconf 46' lang='lat' dir='ltr'><strong>ilfi-tlt.</strong></span> <span class='ocrx_word' id='word_1_29' title='bbox 910 598 1000 633; x_wconf 69' lang='lat' dir='ltr'><strong><em>I&#39;JJJ,</em></strong></span> <span class='ocrx_word' id='word_1_30' title='bbox 1029 598 1125 628; x_wconf 63' lang='lat' dir='ltr'><strong>A&#39;cm.</strong></span> <span class='ocrx_word' id='word_1_31' title='bbox 1149 598 1192 633; x_wconf 81' lang='lat' dir='ltr'><strong>X,</strong></span> <span class='ocrx_word' id='word_1_32' title='bbox 1220 597 1270 630; x_wconf 83' lang='lat' dir='ltr'><strong>Ol.</strong></span> <span class='ocrx_word' id='word_1_33' title='bbox 1294 598 1393 633; x_wconf 78' lang='lat' dir='ltr'><em>XIII,</em></span> <span class='ocrx_word' id='word_1_34' title='bbox 1416 598 1513 629; x_wconf 67' lang='grc' dir='ltr'>,λἐυι.</span> <span class='ocrx_word' id='word_1_35' title='bbox 1537 598 1562 628; x_wconf 94' lang='lat' dir='ltr'><em>I</em></span> <span class='ocrx_word' id='word_1_36' title='bbox 1566 598 1598 629; x_wconf 74' lang='grc' dir='ltr'><strong>Γ.</strong></span> 
     </span>
    </p>
   </div>
   <div class='ocr_carea' id='block_1_4' title="bbox 167 703 1968 2488">
    <p class='ocr_par' dir='ltr' id='par_1_4' title="bbox 169 703 1968 1289">
     <span class='ocr_line' id='line_1_5' title="bbox 325 703 1966 745; baseline -0.001 -9"><span class='ocrx_word' id='word_1_37' title='bbox 325 705 538 745; x_wconf 88' lang='lat' dir='ltr'><strong>Catatropae</strong></span> <span class='ocrx_word' id='word_1_38' title='bbox 571 714 614 735; x_wconf 94' lang='lat' dir='ltr'><strong>ea</strong></span> <span class='ocrx_word' id='word_1_39' title='bbox 636 709 759 734; x_wconf 86' lang='lat' dir='ltr'><strong>natura</strong></span> <span class='ocrx_word' id='word_1_40' title='bbox 785 708 820 734; x_wconf 92' lang='lat' dir='ltr'><strong>et</strong></span> <span class='ocrx_word' id='word_1_41' title='bbox 840 703 892 733; x_wconf 78' lang='lat' dir='ltr'><strong>vis</strong></span> <span class='ocrx_word' id='word_1_42' title='bbox 917 708 979 739; x_wconf 86' lang='lat' dir='ltr'><strong>est,</strong></span> <span class='ocrx_word' id='word_1_43' title='bbox 1008 708 1045 733; x_wconf 92' lang='lat' dir='ltr'><strong>ut</strong></span> <span class='ocrx_word' id='word_1_44' title='bbox 1068 703 1112 733; x_wconf 83' lang='lat' dir='ltr'><strong>ab</strong></span> <span class='ocrx_word' id='word_1_45' title='bbox 1136 704 1241 733; x_wconf 87' lang='lat' dir='ltr'><strong>archa</strong></span> <span class='ocrx_word' id='word_1_46' title='bbox 1265 703 1309 732; x_wconf 90' lang='lat' dir='ltr'><strong>ad</strong></span> <span class='ocrx_word' id='word_1_47' title='bbox 1333 704 1532 742; x_wconf 86' lang='lat' dir='ltr'><strong>omphalum</strong></span> <span class='ocrx_word' id='word_1_48' title='bbox 1556 703 1716 734; x_wconf 85' lang='lat' dir='ltr'><strong>carminis</strong></span> <span class='ocrx_word' id='word_1_49' title='bbox 1739 713 1874 734; x_wconf 89' lang='lat' dir='ltr'><strong>cursum</strong></span> <span class='ocrx_word' id='word_1_50' title='bbox 1897 709 1966 735; x_wconf 92' lang='lat' dir='ltr'><strong>tra-</strong></span> 
     </span>
     <span class='ocr_line' id='line_1_6' title="bbox 174 756 1967 798; baseline -0.001 -7"><span class='ocrx_word' id='word_1_51' title='bbox 174 760 285 791; x_wconf 90' lang='lat' dir='ltr'><strong>ducat.</strong></span> <span class='ocrx_word' id='word_1_52' title='bbox 328 759 368 790; x_wconf 93' lang='lat' dir='ltr'><strong>In</strong></span> <span class='ocrx_word' id='word_1_53' title='bbox 389 759 586 789; x_wconf 88' lang='lat' dir='ltr'><strong>universum</strong></span> <span class='ocrx_word' id='word_1_54' title='bbox 610 759 678 788; x_wconf 91' lang='lat' dir='ltr'><strong>duo</strong></span> <span class='ocrx_word' id='word_1_55' title='bbox 703 763 961 797; x_wconf 85' lang='lat' dir='ltr'><strong>catatroparum</strong></span> <span class='ocrx_word' id='word_1_56' title='bbox 985 767 1117 798; x_wconf 83' lang='lat' dir='ltr'><strong>genera</strong></span> <span class='ocrx_word' id='word_1_57' title='bbox 1138 756 1223 798; x_wconf 84' lang='lat' dir='ltr'><strong>fingi</strong></span> <span class='ocrx_word' id='word_1_58' title='bbox 1244 764 1406 797; x_wconf 88' lang='lat' dir='ltr'><strong>possunt:</strong></span> <span class='ocrx_word' id='word_1_59' title='bbox 1430 764 1489 788; x_wconf 81' lang='lat' dir='ltr'><strong>aut</strong></span> <span class='ocrx_word' id='word_1_60' title='bbox 1513 758 1602 788; x_wconf 89' lang='lat' dir='ltr'><strong>enim</strong></span> <span class='ocrx_word' id='word_1_61' title='bbox 1624 759 1691 789; x_wconf 94' lang='lat' dir='ltr'><strong>hoc</strong></span> <span class='ocrx_word' id='word_1_62' title='bbox 1714 758 1779 788; x_wconf 98' lang='lat' dir='ltr'><strong>sibi</strong></span> <span class='ocrx_word' id='word_1_63' title='bbox 1801 759 1967 798; x_wconf 91' lang='lat' dir='ltr'>proponit</span> 
     </span>
     <span class='ocr_line' id='line_1_7' title="bbox 170 811 1965 854; baseline -0.001 -9"><span class='ocrx_word' id='word_1_64' title='bbox 170 819 285 854; x_wconf 89' lang='lat' dir='ltr'><strong>poeta,</strong></span> <span class='ocrx_word' id='word_1_65' title='bbox 307 819 346 844; x_wconf 92' lang='lat' dir='ltr'><strong>ut</strong></span> <span class='ocrx_word' id='word_1_66' title='bbox 367 814 508 844; x_wconf 87' lang='lat' dir='ltr'><strong>archam</strong></span> <span class='ocrx_word' id='word_1_67' title='bbox 530 811 574 843; x_wconf 89' lang='lat' dir='ltr'><strong>ab</strong></span> <span class='ocrx_word' id='word_1_68' title='bbox 598 812 762 853; x_wconf 88' lang='lat' dir='ltr'><strong>omphalo</strong></span> <span class='ocrx_word' id='word_1_69' title='bbox 787 818 954 852; x_wconf 84' lang='lat' dir='ltr'><strong>segreget</strong></span> <span class='ocrx_word' id='word_1_70' title='bbox 976 817 1082 851; x_wconf 87' lang='lat' dir='ltr'><strong>atque</strong></span> <span class='ocrx_word' id='word_1_71' title='bbox 1105 812 1274 852; x_wconf 56' lang='lat' dir='ltr'><strong>seiungam,</strong></span> <span class='ocrx_word' id='word_1_72' title='bbox 1300 822 1377 842; x_wconf 90' lang='lat' dir='ltr'><strong>eum</strong></span> <span class='ocrx_word' id='word_1_73' title='bbox 1401 812 1434 842; x_wconf 94' lang='lat' dir='ltr'><strong>in</strong></span> <span class='ocrx_word' id='word_1_74' title='bbox 1457 813 1607 847; x_wconf 85' lang='lat' dir='ltr'><strong>modum,</strong></span> <span class='ocrx_word' id='word_1_75' title='bbox 1624 817 1661 842; x_wconf 93' lang='lat' dir='ltr'><strong>ut</strong></span> <span class='ocrx_word' id='word_1_76' title='bbox 1674 813 1768 843; x_wconf 88' lang='lat' dir='ltr'><strong>clare</strong></span> <span class='ocrx_word' id='word_1_77' title='bbox 1785 819 1965 852; x_wconf 76' lang='lat' dir='ltr'><strong>appareat.</strong></span> 
     </span>
     <span class='ocr_line' id='line_1_8' title="bbox 169 866 1966 908; baseline -0.001 -9"><span class='ocrx_word' id='word_1_78' title='bbox 169 869 234 899; x_wconf 87' lang='lat' dir='ltr'><strong>has</strong></span> <span class='ocrx_word' id='word_1_79' title='bbox 259 869 345 899; x_wconf 90' lang='lat' dir='ltr'><strong>duas</strong></span> <span class='ocrx_word' id='word_1_80' title='bbox 366 874 486 908; x_wconf 86' lang='lat' dir='ltr'><strong>partes</strong></span> <span class='ocrx_word' id='word_1_81' title='bbox 508 867 542 897; x_wconf 91' lang='lat' dir='ltr'><strong>in</strong></span> <span class='ocrx_word' id='word_1_82' title='bbox 563 877 678 898; x_wconf 90' lang='lat' dir='ltr'><strong>rerum</strong></span> <span class='ocrx_word' id='word_1_83' title='bbox 701 867 889 907; x_wconf 84' lang='lat' dir='ltr'><strong>generibus</strong></span> <span class='ocrx_word' id='word_1_84' title='bbox 912 867 1017 906; x_wconf 89' lang='lat' dir='ltr'><strong>plane</strong></span> <span class='ocrx_word' id='word_1_85' title='bbox 1041 866 1186 896; x_wconf 78' lang='lat' dir='ltr'><strong>diversis</strong></span> <span class='ocrx_word' id='word_1_86' title='bbox 1202 866 1335 897; x_wconf 73' lang='lat' dir='ltr'><strong>versari</strong></span> <span class='ocrx_word' id='word_1_87' title='bbox 1353 873 1457 906; x_wconf 89' lang='lat' dir='ltr'><strong>atque</strong></span> <span class='ocrx_word' id='word_1_88' title='bbox 1474 877 1571 897; x_wconf 86' lang='lat' dir='ltr'><strong>suum</strong></span> <span class='ocrx_word' id='word_1_89' title='bbox 1586 873 1771 907; x_wconf 85' lang='lat' dir='ltr'><strong>utramque</strong></span> <span class='ocrx_word' id='word_1_90' title='bbox 1786 867 1966 907; x_wconf 88' lang='lat' dir='ltr'><strong>proprium</strong></span> 
     </span>
     <span class='ocr_line' id='line_1_9' title="bbox 173 921 1967 963; baseline -0.001 -10"><span class='ocrx_word' id='word_1_91' title='bbox 173 932 331 963; x_wconf 91' lang='lat' dir='ltr'><strong>campum</strong></span> <span class='ocrx_word' id='word_1_92' title='bbox 353 923 498 959; x_wconf 82' lang='lat' dir='ltr'><strong>habere;</strong></span> <span class='ocrx_word' id='word_1_93' title='bbox 533 927 591 952; x_wconf 89' lang='lat' dir='ltr'><strong>aut</strong></span> <span class='ocrx_word' id='word_1_94' title='bbox 622 922 706 952; x_wconf 89' lang='lat' dir='ltr'><strong>illud</strong></span> <span class='ocrx_word' id='word_1_95' title='bbox 739 926 846 961; x_wconf 87' lang='lat' dir='ltr'><strong>poeta</strong></span> <span class='ocrx_word' id='word_1_96' title='bbox 879 931 1000 951; x_wconf 88' lang='lat' dir='ltr'><strong>curare</strong></span> <span class='ocrx_word' id='word_1_97' title='bbox 1032 927 1159 960; x_wconf 86' lang='lat' dir='ltr'><strong>potest,</strong></span> <span class='ocrx_word' id='word_1_98' title='bbox 1190 928 1226 951; x_wconf 91' lang='lat' dir='ltr'><strong>ut</strong></span> <span class='ocrx_word' id='word_1_99' title='bbox 1257 931 1411 951; x_wconf 78' lang='lat' dir='ltr'><strong>conexus</strong></span> <span class='ocrx_word' id='word_1_100' title='bbox 1439 921 1580 961; x_wconf 84' lang='lat' dir='ltr'><strong>quidam</strong></span> <span class='ocrx_word' id='word_1_101' title='bbox 1603 921 1758 961; x_wconf 81' lang='lat' dir='ltr'><strong>pressior</strong></span> <span class='ocrx_word' id='word_1_102' title='bbox 1781 927 1815 952; x_wconf 89' lang='lat' dir='ltr'><strong>et</strong></span> <span class='ocrx_word' id='word_1_103' title='bbox 1838 922 1967 952; x_wconf 89' lang='lat' dir='ltr'><strong>arctior</strong></span> 
     </span>
     <span class='ocr_line' id='line_1_10' title="bbox 171 975 1964 1015; baseline -0.001 -6"><span class='ocrx_word' id='word_1_104' title='bbox 171 978 271 1009; x_wconf 88' lang='lat' dir='ltr'><strong>alteri</strong></span> <span class='ocrx_word' id='word_1_105' title='bbox 293 988 370 1009; x_wconf 91' lang='lat' dir='ltr'><strong>cum</strong></span> <span class='ocrx_word' id='word_1_106' title='bbox 392 977 503 1008; x_wconf 89' lang='lat' dir='ltr'><strong>altera</strong></span> <span class='ocrx_word' id='word_1_107' title='bbox 525 977 579 1007; x_wconf 85' lang='lat' dir='ltr'><strong>sit.</strong></span> <span class='ocrx_word' id='word_1_108' title='bbox 622 976 743 1006; x_wconf 86' lang='lat' dir='ltr'><strong>Potuit</strong></span> <span class='ocrx_word' id='word_1_109' title='bbox 766 976 855 1006; x_wconf 89' lang='lat' dir='ltr'><strong>enirn</strong></span> <span class='ocrx_word' id='word_1_110' title='bbox 877 976 945 1006; x_wconf 93' lang='lat' dir='ltr'><strong>hoc</strong></span> <span class='ocrx_word' id='word_1_111' title='bbox 967 985 1105 1015; x_wconf 90' lang='lat' dir='ltr'><strong>quoque</strong></span> <span class='ocrx_word' id='word_1_112' title='bbox 1126 976 1308 1014; x_wconf 87' lang='lat' dir='ltr'><strong>pulchrum</strong></span> <span class='ocrx_word' id='word_1_113' title='bbox 1330 975 1449 1012; x_wconf 69' lang='lat' dir='ltr'><strong>videri,</strong></span> <span class='ocrx_word' id='word_1_114' title='bbox 1483 975 1520 1009; x_wconf 77' lang='lat' dir='ltr'><strong>si,</strong></span> <span class='ocrx_word' id='word_1_115' title='bbox 1543 981 1709 1015; x_wconf 86' lang='lat' dir='ltr'>tanquam</span> <span class='ocrx_word' id='word_1_116' title='bbox 1740 976 1774 1006; x_wconf 89' lang='lat' dir='ltr'><strong>in</strong></span> <span class='ocrx_word' id='word_1_117' title='bbox 1800 986 1869 1006; x_wconf 89' lang='lat' dir='ltr'><strong>uno</strong></span> <span class='ocrx_word' id='word_1_118' title='bbox 1893 986 1964 1007; x_wconf 87' lang='lat' dir='ltr'><strong>cor-</strong></span> 
     </span>
     <span class='ocr_line' id='line_1_11' title="bbox 171 1028 1966 1072; baseline -0.001 -10"><span class='ocrx_word' id='word_1_119' title='bbox 171 1041 258 1072; x_wconf 92' lang='lat' dir='ltr'><strong>pore</strong></span> <span class='ocrx_word' id='word_1_120' title='bbox 279 1032 445 1067; x_wconf 89' lang='lat' dir='ltr'><strong>membra,</strong></span> <span class='ocrx_word' id='word_1_121' title='bbox 479 1030 584 1061; x_wconf 86' lang='lat' dir='ltr'><strong>archa</strong></span> <span class='ocrx_word' id='word_1_122' title='bbox 607 1040 683 1060; x_wconf 89' lang='lat' dir='ltr'><strong>cum</strong></span> <span class='ocrx_word' id='word_1_123' title='bbox 706 1030 869 1069; x_wconf 91' lang='lat' dir='ltr'><strong>omphalo</strong></span> <span class='ocrx_word' id='word_1_124' title='bbox 893 1030 1114 1060; x_wconf 73' lang='lat' dir='ltr'><strong>coalesceret.</strong></span> <span class='ocrx_word' id='word_1_125' title='bbox 1162 1028 1233 1060; x_wconf 86' lang='lat' dir='ltr'><strong>Sed</strong></span> <span class='ocrx_word' id='word_1_126' title='bbox 1255 1030 1343 1060; x_wconf 90' lang='lat' dir='ltr'><strong>haec</strong></span> <span class='ocrx_word' id='word_1_127' title='bbox 1367 1030 1434 1059; x_wconf 91' lang='lat' dir='ltr'><strong>duo</strong></span> <span class='ocrx_word' id='word_1_128' title='bbox 1459 1034 1719 1069; x_wconf 89' lang='lat' dir='ltr'><strong>catatroparum</strong></span> <span class='ocrx_word' id='word_1_129' title='bbox 1743 1039 1874 1069; x_wconf 82' lang='lat' dir='ltr'><strong>genera</strong></span> <span class='ocrx_word' id='word_1_130' title='bbox 1896 1040 1966 1060; x_wconf 90' lang='lat' dir='ltr'><strong>non</strong></span> 
     </span>
     <span class='ocr_line' id='line_1_12' title="bbox 170 1084 1966 1126; baseline -0.001 -9"><span class='ocrx_word' id='word_1_131' title='bbox 170 1086 220 1117; x_wconf 91' lang='lat' dir='ltr'><strong>ita</strong></span> <span class='ocrx_word' id='word_1_132' title='bbox 243 1086 307 1117; x_wconf 88' lang='lat' dir='ltr'><strong>sibi</strong></span> <span class='ocrx_word' id='word_1_133' title='bbox 330 1086 494 1126; x_wconf 85' lang='lat' dir='ltr'><strong>opposita</strong></span> <span class='ocrx_word' id='word_1_134' title='bbox 528 1091 614 1122; x_wconf 84' lang='lat' dir='ltr'><strong>sunt,</strong></span> <span class='ocrx_word' id='word_1_135' title='bbox 647 1090 685 1115; x_wconf 91' lang='lat' dir='ltr'><strong>ut</strong></span> <span class='ocrx_word' id='word_1_136' title='bbox 708 1084 850 1114; x_wconf 84' lang='lat' dir='ltr'><strong>Pindari</strong></span> <span class='ocrx_word' id='word_1_137' title='bbox 874 1084 1026 1114; x_wconf 86' lang='lat' dir='ltr'><strong>carmina</strong></span> <span class='ocrx_word' id='word_1_138' title='bbox 1049 1084 1147 1123; x_wconf 91' lang='lat' dir='ltr'><strong>quasi</strong></span> <span class='ocrx_word' id='word_1_139' title='bbox 1169 1084 1203 1114; x_wconf 94' lang='lat' dir='ltr'><strong>in</strong></span> <span class='ocrx_word' id='word_1_140' title='bbox 1227 1084 1296 1114; x_wconf 91' lang='lat' dir='ltr'><strong>duo</strong></span> <span class='ocrx_word' id='word_1_141' title='bbox 1321 1089 1435 1114; x_wconf 90' lang='lat' dir='ltr'><strong>castra</strong></span> <span class='ocrx_word' id='word_1_142' title='bbox 1458 1084 1598 1114; x_wconf 88' lang='lat' dir='ltr'><strong>hostilia</strong></span> <span class='ocrx_word' id='word_1_143' title='bbox 1624 1084 1813 1116; x_wconf 81' lang='lat' dir='ltr'><strong>discedant.</strong></span> <span class='ocrx_word' id='word_1_144' title='bbox 1857 1084 1966 1116; x_wconf 91' lang='lat' dir='ltr'><strong>Immo</strong></span> 
     </span>
     <span class='ocr_line' id='line_1_13' title="bbox 169 1138 1968 1178; baseline -0.001 -7"><span class='ocrx_word' id='word_1_145' title='bbox 169 1141 267 1171; x_wconf 88' lang='lat' dir='ltr'><strong>multi</strong></span> <span class='ocrx_word' id='word_1_146' title='bbox 289 1141 379 1171; x_wconf 93' lang='lat' dir='ltr'><strong>inter</strong></span> <span class='ocrx_word' id='word_1_147' title='bbox 404 1140 506 1170; x_wconf 87' lang='lat' dir='ltr'><strong>ambo</strong></span> <span class='ocrx_word' id='word_1_148' title='bbox 530 1139 699 1170; x_wconf 87' lang='lat' dir='ltr'><strong>interiecti</strong></span> <span class='ocrx_word' id='word_1_149' title='bbox 725 1144 802 1169; x_wconf 91' lang='lat' dir='ltr'><strong>sunt</strong></span> <span class='ocrx_word' id='word_1_150' title='bbox 824 1141 965 1178; x_wconf 83' lang='lat' dir='ltr'><strong>gradus,</strong></span> <span class='ocrx_word' id='word_1_151' title='bbox 989 1138 1114 1178; x_wconf 88' lang='lat' dir='ltr'><strong>quibus</strong></span> <span class='ocrx_word' id='word_1_152' title='bbox 1138 1144 1197 1168; x_wconf 90' lang='lat' dir='ltr'><strong>aut</strong></span> <span class='ocrx_word' id='word_1_153' title='bbox 1221 1138 1335 1169; x_wconf 90' lang='lat' dir='ltr'><strong>lenior</strong></span> <span class='ocrx_word' id='word_1_154' title='bbox 1359 1144 1392 1168; x_wconf 93' lang='lat' dir='ltr'><strong>et</strong></span> <span class='ocrx_word' id='word_1_155' title='bbox 1415 1138 1530 1168; x_wconf 90' lang='lat' dir='ltr'><strong>mitior</strong></span> <span class='ocrx_word' id='word_1_156' title='bbox 1553 1138 1731 1174; x_wconf 89' lang='lat' dir='ltr'><strong>seiunctio,</strong></span> <span class='ocrx_word' id='word_1_157' title='bbox 1767 1144 1825 1169; x_wconf 89' lang='lat' dir='ltr'><strong>aut</strong></span> <span class='ocrx_word' id='word_1_158' title='bbox 1852 1139 1968 1169; x_wconf 76' lang='lat' dir='ltr'><strong>laxior</strong></span> 
     </span>
     <span class='ocr_line' id='line_1_14' title="bbox 171 1192 1967 1234; baseline -0.002 -8"><span class='ocrx_word' id='word_1_159' title='bbox 171 1201 205 1226; x_wconf 89' lang='lat' dir='ltr'><strong>et</strong></span> <span class='ocrx_word' id='word_1_160' title='bbox 227 1195 369 1226; x_wconf 87' lang='lat' dir='ltr'><strong>liberior</strong></span> <span class='ocrx_word' id='word_1_161' title='bbox 391 1194 584 1226; x_wconf 89' lang='lat' dir='ltr'><strong>coniunctio</strong></span> <span class='ocrx_word' id='word_1_162' title='bbox 607 1193 827 1234; x_wconf 83' lang='lat' dir='ltr'><strong>significatur.</strong></span> <span class='ocrx_word' id='word_1_163' title='bbox 874 1192 990 1233; x_wconf 78' lang='lat' dir='ltr'><strong>Quare</strong></span> <span class='ocrx_word' id='word_1_164' title='bbox 1011 1194 1132 1233; x_wconf 70' lang='lat' dir='ltr'><strong>scpfcm</strong></span> <span class='ocrx_word' id='word_1_165' title='bbox 1155 1198 1415 1232; x_wconf 85' lang='lat' dir='ltr'><strong>catatroparum</strong></span> <span class='ocrx_word' id='word_1_166' title='bbox 1439 1192 1561 1222; x_wconf 68' lang='lat' dir='ltr'><strong>classes</strong></span> <span class='ocrx_word' id='word_1_167' title='bbox 1584 1192 1811 1231; x_wconf 81' lang='lat' dir='ltr'><strong>distinximus,</strong></span> <span class='ocrx_word' id='word_1_168' title='bbox 1842 1193 1967 1233; x_wconf 88' lang='lat' dir='ltr'><strong>quibus</strong></span> 
     </span>
     <span class='ocr_line' id='line_1_15' title="bbox 170 1247 1694 1289; baseline -0.002 -9"><span class='ocrx_word' id='word_1_169' title='bbox 170 1260 290 1281; x_wconf 90' lang='lat' dir='ltr'><strong>omnes</strong></span> <span class='ocrx_word' id='word_1_170' title='bbox 312 1250 392 1280; x_wconf 90' lang='lat' dir='ltr'><strong>illae</strong></span> <span class='ocrx_word' id='word_1_171' title='bbox 414 1250 449 1279; x_wconf 93' lang='lat' dir='ltr'><strong>in</strong></span> <span class='ocrx_word' id='word_1_172' title='bbox 469 1250 665 1289; x_wconf 87' lang='lat' dir='ltr'><strong>copulanda</strong></span> <span class='ocrx_word' id='word_1_173' title='bbox 689 1259 765 1279; x_wconf 88' lang='lat' dir='ltr'><strong>cum</strong></span> <span class='ocrx_word' id='word_1_174' title='bbox 789 1249 951 1288; x_wconf 92' lang='lat' dir='ltr'><strong>omphalo</strong></span> <span class='ocrx_word' id='word_1_175' title='bbox 976 1248 1080 1278; x_wconf 86' lang='lat' dir='ltr'><strong>archa</strong></span> <span class='ocrx_word' id='word_1_176' title='bbox 1106 1247 1326 1278; x_wconf 78' lang='lat' dir='ltr'><strong>diversitates</strong></span> <span class='ocrx_word' id='word_1_177' title='bbox 1350 1247 1694 1286; x_wconf 83' lang='lat' dir='ltr'><strong>comprehendantur.</strong></span> 
     </span>
    </p>

    <p class='ocr_par' dir='ltr' id='par_1_5' title="bbox 167 1301 1968 2488">
     <span class='ocr_line' id='line_1_16' title="bbox 316 1301 1967 1341; baseline -0.001 -8"><span class='ocrx_word' id='word_1_178' title='bbox 316 1302 437 1334; x_wconf 74' lang='lat' dir='ltr'><strong>Prima</strong></span> <span class='ocrx_word' id='word_1_179' title='bbox 460 1303 590 1339; x_wconf 88' lang='lat' dir='ltr'><strong>classis,</strong></span> <span class='ocrx_word' id='word_1_180' title='bbox 624 1303 720 1334; x_wconf 85' lang='lat' dir='ltr'><strong>cuius</strong></span> <span class='ocrx_word' id='word_1_181' title='bbox 754 1304 822 1332; x_wconf 73' lang='lat' dir='ltr'><em>octo</em></span> <span class='ocrx_word' id='word_1_182' title='bbox 858 1308 936 1332; x_wconf 90' lang='lat' dir='ltr'><strong>sunt</strong></span> <span class='ocrx_word' id='word_1_183' title='bbox 970 1301 1141 1340; x_wconf 79' lang='lat' dir='ltr'><strong>exempla,</strong></span> <span class='ocrx_word' id='word_1_184' title='bbox 1170 1311 1212 1332; x_wconf 88' lang='lat' dir='ltr'><strong>ea</strong></span> <span class='ocrx_word' id='word_1_185' title='bbox 1236 1308 1300 1336; x_wconf 84' lang='lat' dir='ltr'><strong>est,</strong></span> <span class='ocrx_word' id='word_1_186' title='bbox 1322 1302 1356 1331; x_wconf 91' lang='lat' dir='ltr'><strong>in</strong></span> <span class='ocrx_word' id='word_1_187' title='bbox 1378 1312 1446 1341; x_wconf 90' lang='lat' dir='ltr'><strong>qua</strong></span> <span class='ocrx_word' id='word_1_188' title='bbox 1471 1301 1637 1332; x_wconf 90' lang='lat' dir='ltr'><strong>orationis</strong></span> <span class='ocrx_word' id='word_1_189' title='bbox 1661 1311 1780 1332; x_wconf 90' lang='lat' dir='ltr'><strong>cursus</strong></span> <span class='ocrx_word' id='word_1_190' title='bbox 1803 1301 1837 1332; x_wconf 92' lang='lat' dir='ltr'><strong>in</strong></span> <span class='ocrx_word' id='word_1_191' title='bbox 1861 1302 1967 1332; x_wconf 87' lang='lat' dir='ltr'><strong>archa</strong></span> 
     </span>
     <span class='ocr_line' id='line_1_17' title="bbox 170 1355 1968 1399; baseline -0.002 -9"><span class='ocrx_word' id='word_1_192' title='bbox 170 1360 346 1391; x_wconf 88' lang='lat' dir='ltr'><strong>institutus</strong></span> <span class='ocrx_word' id='word_1_193' title='bbox 367 1358 590 1399; x_wconf 87' lang='lat' dir='ltr'><strong>abrumpitur.</strong></span> <span class='ocrx_word' id='word_1_194' title='bbox 646 1358 685 1388; x_wconf 80' lang='lat' dir='ltr'><strong>In</strong></span> <span class='ocrx_word' id='word_1_195' title='bbox 719 1368 761 1388; x_wconf 91' lang='lat' dir='ltr'><strong>ea</strong></span> <span class='ocrx_word' id='word_1_196' title='bbox 788 1368 832 1388; x_wconf 83' lang='lat' dir='ltr'><strong>ex</strong></span> <span class='ocrx_word' id='word_1_197' title='bbox 860 1362 961 1396; x_wconf 86' lang='lat' dir='ltr'><strong>parte</strong></span> <span class='ocrx_word' id='word_1_198' title='bbox 990 1356 1074 1386; x_wconf 83' lang='lat' dir='ltr'><strong>satis</strong></span> <span class='ocrx_word' id='word_1_199' title='bbox 1097 1365 1201 1394; x_wconf 85' lang='lat' dir='ltr'><strong>asper</strong></span> <span class='ocrx_word' id='word_1_200' title='bbox 1225 1362 1259 1386; x_wconf 91' lang='lat' dir='ltr'><strong>et</strong></span> <span class='ocrx_word' id='word_1_201' title='bbox 1281 1355 1500 1395; x_wconf 87' lang='lat' dir='ltr'><strong>praefractus</strong></span> <span class='ocrx_word' id='word_1_202' title='bbox 1525 1362 1578 1386; x_wconf 90' lang='lat' dir='ltr'><strong>est</strong></span> <span class='ocrx_word' id='word_1_203' title='bbox 1604 1356 1769 1386; x_wconf 82' lang='lat' dir='ltr'><strong>transitus</strong></span> <span class='ocrx_word' id='word_1_204' title='bbox 1793 1357 1837 1386; x_wconf 86' lang='lat' dir='ltr'><strong>ab</strong></span> <span class='ocrx_word' id='word_1_205' title='bbox 1862 1357 1968 1387; x_wconf 87' lang='lat' dir='ltr'><strong>archa</strong></span> 
     </span>
     <span class='ocr_line' id='line_1_18' title="bbox 169 1410 1967 1454; baseline -0.003 -9"><span class='ocrx_word' id='word_1_206' title='bbox 169 1415 216 1445; x_wconf 92' lang='lat' dir='ltr'><strong>ad</strong></span> <span class='ocrx_word' id='word_1_207' title='bbox 238 1414 447 1454; x_wconf 88' lang='lat' dir='ltr'><strong>omphalum.</strong></span> <span class='ocrx_word' id='word_1_208' title='bbox 491 1413 602 1444; x_wconf 87' lang='lat' dir='ltr'><strong>Poeta</strong></span> <span class='ocrx_word' id='word_1_209' title='bbox 627 1412 702 1452; x_wconf 89' lang='lat' dir='ltr'><strong>ipse</strong></span> <span class='ocrx_word' id='word_1_210' title='bbox 736 1422 774 1442; x_wconf 89' lang='lat' dir='ltr'><strong>se</strong></span> <span class='ocrx_word' id='word_1_211' title='bbox 804 1412 970 1450; x_wconf 87' lang='lat' dir='ltr'><strong>increpat,</strong></span> <span class='ocrx_word' id='word_1_212' title='bbox 1000 1415 1166 1450; x_wconf 85' lang='lat' dir='ltr'><strong>tanquam</strong></span> <span class='ocrx_word' id='word_1_213' title='bbox 1189 1410 1449 1441; x_wconf 75' lang='lat' dir='ltr'><strong>vehementiore</strong></span> <span class='ocrx_word' id='word_1_214' title='bbox 1474 1411 1637 1441; x_wconf 87' lang='lat' dir='ltr'><strong>instinctu</strong></span> <span class='ocrx_word' id='word_1_215' title='bbox 1660 1410 1826 1450; x_wconf 88' lang='lat' dir='ltr'><strong>impulsus</strong></span> <span class='ocrx_word' id='word_1_216' title='bbox 1849 1420 1967 1451; x_wconf 83' lang='lat' dir='ltr'><strong>egres-</strong></span> 
     </span>
     <span class='ocr_line' id='line_1_19' title="bbox 171 1464 1967 1508; baseline -0.003 -8"><span class='ocrx_word' id='word_1_217' title='bbox 171 1468 304 1500; x_wconf 86' lang='lat' dir='ltr'><strong>sionem</strong></span> <span class='ocrx_word' id='word_1_218' title='bbox 326 1468 605 1508; x_wconf 86' lang='lat' dir='ltr'><strong>intempestivam</strong></span> <span class='ocrx_word' id='word_1_219' title='bbox 627 1467 805 1506; x_wconf 85' lang='lat' dir='ltr'><strong>inceperit,</strong></span> <span class='ocrx_word' id='word_1_220' title='bbox 836 1477 857 1497; x_wconf 88' lang='lat' dir='ltr'><strong>a</strong></span> <span class='ocrx_word' id='word_1_221' title='bbox 879 1475 948 1506; x_wconf 90' lang='lat' dir='ltr'><strong>qua</strong></span> <span class='ocrx_word' id='word_1_222' title='bbox 975 1465 1113 1495; x_wconf 85' lang='lat' dir='ltr'><strong>iamiam</strong></span> <span class='ocrx_word' id='word_1_223' title='bbox 1136 1465 1368 1495; x_wconf 87' lang='lat' dir='ltr'><strong>recedendum</strong></span> <span class='ocrx_word' id='word_1_224' title='bbox 1393 1465 1445 1496; x_wconf 83' lang='lat' dir='ltr'><strong>sit.</strong></span> <span class='ocrx_word' id='word_1_225' title='bbox 1489 1465 1586 1498; x_wconf 67' lang='lat' dir='ltr'><strong>A&#39;cm.</strong></span> <span class='ocrx_word' id='word_1_226' title='bbox 1611 1464 1675 1499; x_wconf 85' lang='lat' dir='ltr'><strong>Ill,</strong></span> <span class='ocrx_word' id='word_1_227' title='bbox 1699 1465 1766 1496; x_wconf 75' lang='lat'><strong>26:</strong></span> <span class='ocrx_word' id='word_1_228' title='bbox 1788 1466 1875 1502; x_wconf 83' lang='grc' dir='ltr'>θυμέ,</span> <span class='ocrx_word' id='word_1_229' title='bbox 1896 1465 1967 1496; x_wconf 88' lang='grc' dir='ltr'>τίνα</span> 
     </span>
     <span class='ocr_line' id='line_1_20' title="bbox 167 1519 1965 1564; baseline -0.003 -8"><span class='ocrx_word' id='word_1_230' title='bbox 167 1524 250 1563; x_wconf 89' lang='grc' dir='ltr'>πρὸς</span> <span class='ocrx_word' id='word_1_231' title='bbox 272 1523 461 1556; x_wconf 86' lang='grc' dir='ltr'>ἀλλοδαπὰν</span> <span class='ocrx_word' id='word_1_232' title='bbox 482 1522 494 1564; x_wconf 79' lang='grc' dir='ltr'><strong>ΙΙ</strong></span> <span class='ocrx_word' id='word_1_233' title='bbox 517 1522 618 1562; x_wconf 90' lang='grc' dir='ltr'>ἄκραν</span> <span class='ocrx_word' id='word_1_234' title='bbox 640 1522 718 1560; x_wconf 83' lang='grc' dir='ltr'>ἐμὸν</span> <span class='ocrx_word' id='word_1_235' title='bbox 739 1521 842 1553; x_wconf 86' lang='grc' dir='ltr'>πλόον</span> <span class='ocrx_word' id='word_1_236' title='bbox 864 1521 1088 1559; x_wconf 83' lang='grc' dir='ltr'>παραμείβεαι;</span> <span class='ocrx_word' id='word_1_237' title='bbox 1111 1519 1123 1559; x_wconf 68' lang='grc' dir='ltr'>Η</span> <span class='ocrx_word' id='word_1_238' title='bbox 1146 1519 1250 1560; x_wconf 85' lang='grc' dir='ltr'>Αἰακῷ</span> <span class='ocrx_word' id='word_1_239' title='bbox 1274 1527 1312 1551; x_wconf 91' lang='grc' dir='ltr'>σε</span> <span class='ocrx_word' id='word_1_240' title='bbox 1336 1521 1418 1559; x_wconf 88' lang='grc' dir='ltr'>φαμὶ</span> <span class='ocrx_word' id='word_1_241' title='bbox 1449 1520 1535 1557; x_wconf 83' lang='grc' dir='ltr'>γένει</span> <span class='ocrx_word' id='word_1_242' title='bbox 1562 1530 1596 1551; x_wconf 88' lang='grc' dir='ltr'><strong>τε</strong></span> <span class='ocrx_word' id='word_1_243' title='bbox 1623 1519 1754 1551; x_wconf 87' lang='grc' dir='ltr'>Μοῖσαν</span> <span class='ocrx_word' id='word_1_244' title='bbox 1783 1520 1904 1558; x_wconf 89' lang='grc' dir='ltr'>φέρειν.</span> <span class='ocrx_word' id='word_1_245' title='bbox 1929 1537 1965 1541; x_wconf 89' lang='grc'><strong>-</strong></span> 
     </span>
     <span class='ocr_line' id='line_1_21' title="bbox 169 1566 1968 1619; baseline -0.003 -9"><span class='ocrx_word' id='word_1_246' title='bbox 169 1579 308 1610; x_wconf 90' lang='lat' dir='ltr'><strong>Deinde</strong></span> <span class='ocrx_word' id='word_1_247' title='bbox 329 1584 412 1619; x_wconf 87' lang='lat' dir='ltr'><strong>post</strong></span> <span class='ocrx_word' id='word_1_248' title='bbox 433 1578 571 1608; x_wconf 80' lang='lat' dir='ltr'><strong>fabulas</strong></span> <span class='ocrx_word' id='word_1_249' title='bbox 592 1577 626 1607; x_wconf 91' lang='lat' dir='ltr'><strong>in</strong></span> <span class='ocrx_word' id='word_1_250' title='bbox 649 1576 764 1611; x_wconf 91' lang='lat' dir='ltr'><strong>archa,</strong></span> <span class='ocrx_word' id='word_1_251' title='bbox 788 1576 912 1616; x_wconf 90' lang='lat' dir='ltr'><strong>quibus</strong></span> <span class='ocrx_word' id='word_1_252' title='bbox 936 1576 1082 1605; x_wconf 88' lang='lat' dir='ltr'><strong>heroum</strong></span> <span class='ocrx_word' id='word_1_253' title='bbox 1106 1591 1143 1596; x_wconf 92' lang='lat'><strong>—-</strong></span> <span class='ocrx_word' id='word_1_254' title='bbox 1167 1573 1342 1613; x_wconf 83' lang='lat' dir='ltr'><strong>ingratum</strong></span> <span class='ocrx_word' id='word_1_255' title='bbox 1366 1574 1459 1605; x_wconf 87' lang='lat' dir='ltr'><strong>dictu</strong></span> <span class='ocrx_word' id='word_1_256' title='bbox 1483 1592 1520 1595; x_wconf 97' lang='lat'><strong>—</strong></span> <span class='ocrx_word' id='word_1_257' title='bbox 1547 1573 1641 1604; x_wconf 87' lang='lat' dir='ltr'><strong>facta</strong></span> <span class='ocrx_word' id='word_1_258' title='bbox 1666 1566 1832 1603; x_wconf 88' lang='lat' dir='ltr'><strong>nonnulla</strong></span> <span class='ocrx_word' id='word_1_259' title='bbox 1861 1573 1968 1613; x_wconf 84' lang='lat' dir='ltr'><strong>impia</strong></span> 
     </span>
     <span class='ocr_line' id='line_1_22' title="bbox 172 1628 1967 1675; baseline -0.004 -10"><span class='ocrx_word' id='word_1_260' title='bbox 172 1633 419 1675; x_wconf 81' lang='lat' dir='ltr'><strong>significantur,</strong></span> <span class='ocrx_word' id='word_1_261' title='bbox 453 1633 529 1672; x_wconf 85' lang='lat' dir='ltr'><strong>ipse</strong></span> <span class='ocrx_word' id='word_1_262' title='bbox 553 1631 618 1662; x_wconf 87' lang='lat' dir='ltr'><strong>sibi</strong></span> <span class='ocrx_word' id='word_1_263' title='bbox 641 1630 813 1661; x_wconf 88' lang='lat' dir='ltr'><strong>silentium</strong></span> <span class='ocrx_word' id='word_1_264' title='bbox 843 1629 996 1669; x_wconf 88' lang='lat' dir='ltr'><strong>imponit.</strong></span> <span class='ocrx_word' id='word_1_265' title='bbox 1046 1629 1142 1659; x_wconf 68' lang='lat' dir='ltr'><strong>Nem.</strong></span> <span class='ocrx_word' id='word_1_266' title='bbox 1174 1629 1207 1664; x_wconf 72' lang='grc' dir='ltr'><strong>Γ,</strong></span> <span class='ocrx_word' id='word_1_267' title='bbox 1230 1630 1294 1660; x_wconf 84' lang='lat'><strong>16:</strong></span> <span class='ocrx_word' id='word_1_268' title='bbox 1316 1629 1478 1667; x_wconf 86' lang='grc' dir='ltr'>στάσομαι</span> <span class='ocrx_word' id='word_1_269' title='bbox 1500 1653 1505 1659; x_wconf 97' lang='grc'><em>.</em></span> <span class='ocrx_word' id='word_1_270' title='bbox 1531 1628 1570 1659; x_wconf 87' lang='grc' dir='ltr'><strong>οὔ</strong></span> <span class='ocrx_word' id='word_1_271' title='bbox 1593 1638 1642 1659; x_wconf 90' lang='grc' dir='ltr'>τοι</span> <span class='ocrx_word' id='word_1_272' title='bbox 1665 1628 1777 1659; x_wconf 85' lang='grc' dir='ltr'>ἅπασα</span> <span class='ocrx_word' id='word_1_273' title='bbox 1800 1628 1934 1666; x_wconf 82' lang='grc' dir='ltr'>κερδίων</span> <span class='ocrx_word' id='word_1_274' title='bbox 1955 1628 1967 1667; x_wconf 62' lang='lat' dir='ltr'><strong>{i</strong></span> 
     </span>
     <span class='ocr_line' id='line_1_23' title="bbox 169 1682 1965 1729; baseline -0.005 -8"><span class='ocrx_word' id='word_1_275' title='bbox 169 1689 325 1729; x_wconf 86' lang='grc' dir='ltr'>φαίνοισα</span> <span class='ocrx_word' id='word_1_276' title='bbox 346 1688 523 1727; x_wconf 87' lang='grc' dir='ltr'>πρόσωπον</span> <span class='ocrx_word' id='word_1_277' title='bbox 547 1686 666 1718; x_wconf 78' lang='grc' dir='ltr'>ἀλάθει’</span> <span class='ocrx_word' id='word_1_278' title='bbox 691 1685 839 1724; x_wconf 86' lang='grc' dir='ltr'>ἀτρεκές·</span> <span class='ocrx_word' id='word_1_279' title='bbox 862 1684 874 1724; x_wconf 55' lang='lat' dir='ltr'><strong>{l</strong></span> <span class='ocrx_word' id='word_1_280' title='bbox 896 1685 947 1715; x_wconf 87' lang='grc' dir='ltr'><strong>καὶ</strong></span> <span class='ocrx_word' id='word_1_281' title='bbox 963 1684 1001 1715; x_wconf 89' lang='grc' dir='ltr'>τὸ</span> <span class='ocrx_word' id='word_1_282' title='bbox 1017 1685 1112 1720; x_wconf 83' lang='grc' dir='ltr'>σιγᾶν</span> <span class='ocrx_word' id='word_1_283' title='bbox 1128 1683 1284 1722; x_wconf 82' lang='grc' dir='ltr'>πολλάκις</span> <span class='ocrx_word' id='word_1_284' title='bbox 1300 1683 1368 1714; x_wconf 81' lang='grc' dir='ltr'>ἐστὶ</span> <span class='ocrx_word' id='word_1_285' title='bbox 1383 1683 1582 1721; x_wconf 86' lang='grc' dir='ltr'>σοφώτατον</span> <span class='ocrx_word' id='word_1_286' title='bbox 1604 1682 1766 1722; x_wconf 85' lang='grc' dir='ltr'>ἀνθρώπῳ</span> <span class='ocrx_word' id='word_1_287' title='bbox 1782 1685 1908 1720; x_wconf 87' lang='grc' dir='ltr'>νοῆσαι.</span> <span class='ocrx_word' id='word_1_288' title='bbox 1929 1701 1965 1704; x_wconf 92' lang='grc'><strong>-</strong></span> 
     </span>
     <span class='ocr_line' id='line_1_24' title="bbox 171 1736 1966 1780; baseline -0.004 -5"><span class='ocrx_word' id='word_1_289' title='bbox 171 1744 222 1775; x_wconf 88' lang='lat' dir='ltr'><strong>Ol.</strong></span> <span class='ocrx_word' id='word_1_290' title='bbox 247 1743 308 1779; x_wconf 85' lang='lat' dir='ltr'><strong>IX,</strong></span> <span class='ocrx_word' id='word_1_291' title='bbox 332 1742 394 1775; x_wconf 87' lang='lat'><strong>35:</strong></span> <span class='ocrx_word' id='word_1_292' title='bbox 417 1742 481 1773; x_wconf 88' lang='grc' dir='ltr'><strong>ἀπό</strong></span> <span class='ocrx_word' id='word_1_293' title='bbox 505 1752 556 1780; x_wconf 92' lang='grc' dir='ltr'><strong>μοι</strong></span> <span class='ocrx_word' id='word_1_294' title='bbox 577 1741 676 1778; x_wconf 89' lang='grc' dir='ltr'>λόγον</span> <span class='ocrx_word' id='word_1_295' title='bbox 698 1740 710 1780; x_wconf 51' lang='grc' dir='ltr'><strong>ζΙ</strong></span> <span class='ocrx_word' id='word_1_296' title='bbox 734 1742 852 1772; x_wconf 85' lang='grc' dir='ltr'>τοῦτον</span> <span class='ocrx_word' id='word_1_297' title='bbox 875 1740 980 1777; x_wconf 91' lang='grc' dir='ltr'>στόμα</span> <span class='ocrx_word' id='word_1_298' title='bbox 1005 1738 1115 1777; x_wconf 81' lang='grc' dir='ltr'>ρῑψον’</span> <span class='ocrx_word' id='word_1_299' title='bbox 1137 1738 1148 1778; x_wconf 64' lang='lat'><strong>33</strong></span> <span class='ocrx_word' id='word_1_300' title='bbox 1171 1738 1240 1769; x_wconf 83' lang='grc' dir='ltr'>ἐπεὶ</span> <span class='ocrx_word' id='word_1_301' title='bbox 1262 1739 1300 1769; x_wconf 91' lang='grc' dir='ltr'>τό</span> <span class='ocrx_word' id='word_1_302' title='bbox 1322 1749 1358 1774; x_wconf 87' lang='grc' dir='ltr'>γε</span> <span class='ocrx_word' id='word_1_303' title='bbox 1383 1740 1572 1776; x_wconf 77' lang='grc' dir='ltr'>λοιδορῆσαι</span> <span class='ocrx_word' id='word_1_304' title='bbox 1594 1738 1689 1775; x_wconf 88' lang='grc' dir='ltr'>Θεοὺς</span> <span class='ocrx_word' id='word_1_305' title='bbox 1712 1736 1724 1776; x_wconf 70' lang='grc' dir='ltr'>Η</span> <span class='ocrx_word' id='word_1_306' title='bbox 1746 1737 1844 1775; x_wconf 80' lang='grc' dir='ltr'>ἐχθρὰ</span> <span class='ocrx_word' id='word_1_307' title='bbox 1863 1738 1966 1776; x_wconf 87' lang='grc' dir='ltr'>σοφία</span> 
     </span>
     <span class='ocr_line' id='line_1_25' title="bbox 168 1791 1967 1836; baseline -0.004 -6"><span class='ocrx_word' id='word_1_308' title='bbox 168 1799 219 1831; x_wconf 85' lang='grc' dir='ltr'><strong>καὶ</strong></span> <span class='ocrx_word' id='word_1_309' title='bbox 240 1799 278 1830; x_wconf 93' lang='grc' dir='ltr'>τὸ</span> <span class='ocrx_word' id='word_1_310' title='bbox 301 1799 482 1836; x_wconf 83' lang='grc' dir='ltr'>καυχᾶσθαι</span> <span class='ocrx_word' id='word_1_311' title='bbox 503 1797 591 1835; x_wconf 88' lang='grc' dir='ltr'>παρὰ</span> <span class='ocrx_word' id='word_1_312' title='bbox 614 1796 726 1834; x_wconf 89' lang='grc' dir='ltr'>καιρὸν</span> <span class='ocrx_word' id='word_1_313' title='bbox 748 1795 760 1834; x_wconf 71' lang='grc' dir='ltr'><strong>ἶ]</strong></span> <span class='ocrx_word' id='word_1_314' title='bbox 787 1795 948 1833; x_wconf 84' lang='grc' dir='ltr'>μανίαισιν</span> <span class='ocrx_word' id='word_1_315' title='bbox 971 1793 1150 1832; x_wconf 85' lang='grc' dir='ltr'>ὑποκρέκει.</span> <span class='ocrx_word' id='word_1_316' title='bbox 1174 1811 1212 1814; x_wconf 87' lang='grc'><strong>-</strong></span> <span class='ocrx_word' id='word_1_317' title='bbox 1247 1793 1425 1823; x_wconf 85' lang='lat' dir='ltr'><strong>Interdum</strong></span> <span class='ocrx_word' id='word_1_318' title='bbox 1448 1802 1491 1822; x_wconf 91' lang='lat' dir='ltr'><strong>ne</strong></span> <span class='ocrx_word' id='word_1_319' title='bbox 1516 1802 1559 1822; x_wconf 76' lang='lat' dir='ltr'><strong>ex</strong></span> <span class='ocrx_word' id='word_1_320' title='bbox 1585 1792 1690 1821; x_wconf 85' lang='lat' dir='ltr'><strong>nimia</strong></span> <span class='ocrx_word' id='word_1_321' title='bbox 1710 1791 1814 1821; x_wconf 89' lang='lat' dir='ltr'><strong>laude</strong></span> <span class='ocrx_word' id='word_1_322' title='bbox 1838 1791 1967 1822; x_wconf 77' lang='lat' dir='ltr'><strong>invidia</strong></span> 
     </span>
     <span class='ocr_line' id='line_1_26' title="bbox 169 1846 1967 1889; baseline -0.004 -5"><span class='ocrx_word' id='word_1_323' title='bbox 169 1853 349 1889; x_wconf 81' lang='lat' dir='ltr'><strong>excitetur,</strong></span> <span class='ocrx_word' id='word_1_324' title='bbox 373 1852 557 1882; x_wconf 91' lang='lat' dir='ltr'><strong>tacendum</strong></span> <span class='ocrx_word' id='word_1_325' title='bbox 581 1856 707 1881; x_wconf 89' lang='lat' dir='ltr'><strong>censet.</strong></span> <span class='ocrx_word' id='word_1_326' title='bbox 752 1849 848 1880; x_wconf 62' lang='lat' dir='ltr'><strong>A&#39;sm.</strong></span> <span class='ocrx_word' id='word_1_327' title='bbox 878 1848 966 1879; x_wconf 71' lang='lat' dir='ltr'><strong>I&#39;III.</strong></span> <span class='ocrx_word' id='word_1_328' title='bbox 991 1849 1054 1879; x_wconf 87' lang='lat'><strong>19:</strong></span> <span class='ocrx_word' id='word_1_329' title='bbox 1085 1848 1218 1885; x_wconf 87' lang='grc' dir='ltr'>ἵσταμαι</span> <span class='ocrx_word' id='word_1_330' title='bbox 1251 1848 1288 1885; x_wconf 90' lang='grc' dir='ltr'><strong>δὴ</strong></span> <span class='ocrx_word' id='word_1_331' title='bbox 1318 1848 1420 1878; x_wconf 85' lang='grc' dir='ltr'>ποσσὶ</span> <span class='ocrx_word' id='word_1_332' title='bbox 1443 1847 1588 1885; x_wconf 69' lang='grc' dir='ltr'>κούφοις,</span> <span class='ocrx_word' id='word_1_333' title='bbox 1612 1846 1761 1884; x_wconf 80' lang='grc' dir='ltr'>ἀμπνέων</span> <span class='ocrx_word' id='word_1_334' title='bbox 1784 1856 1818 1877; x_wconf 86' lang='grc' dir='ltr'><strong>τε</strong></span> <span class='ocrx_word' id='word_1_335' title='bbox 1841 1846 1915 1884; x_wconf 86' lang='grc' dir='ltr'>πρίν</span> <span class='ocrx_word' id='word_1_336' title='bbox 1937 1856 1967 1877; x_wconf 89' lang='grc' dir='ltr'>τι</span> 
     </span>
     <span class='ocr_line' id='line_1_27' title="bbox 168 1901 1966 1949; baseline -0.004 -10"><span class='ocrx_word' id='word_1_337' title='bbox 168 1908 284 1948; x_wconf 86' lang='grc' dir='ltr'>φάμεν.</span> <span class='ocrx_word' id='word_1_338' title='bbox 310 1925 343 1929; x_wconf 85' lang='lat'><strong>——</strong></span> <span class='ocrx_word' id='word_1_339' title='bbox 370 1905 463 1949; x_wconf 63' lang='lat' dir='ltr'><strong>thle.</strong></span> <span class='ocrx_word' id='word_1_340' title='bbox 493 1906 582 1940; x_wconf 68' lang='lat' dir='ltr'><strong>VIII,</strong></span> <span class='ocrx_word' id='word_1_341' title='bbox 607 1906 670 1937; x_wconf 76' lang='lat'><strong>29:</strong></span> <span class='ocrx_word' id='word_1_342' title='bbox 693 1905 754 1943; x_wconf 86' lang='grc' dir='ltr'>εἰμὶ</span> <span class='ocrx_word' id='word_1_343' title='bbox 777 1905 803 1936; x_wconf 85' lang='grc' dir='ltr'><strong>δ’</strong></span> <span class='ocrx_word' id='word_1_344' title='bbox 828 1904 972 1942; x_wconf 86' lang='grc' dir='ltr'>ἄσχολος</span> <span class='ocrx_word' id='word_1_345' title='bbox 996 1903 1155 1941; x_wconf 86' lang='grc' dir='ltr'>ἀναθέμεν</span> <span class='ocrx_word' id='word_1_346' title='bbox 1178 1914 1189 1943; x_wconf 57' lang='lat'>1</span> <span class='ocrx_word' id='word_1_347' title='bbox 1211 1904 1320 1934; x_wconf 84' lang='grc' dir='ltr'>πᾶσαν</span> <span class='ocrx_word' id='word_1_348' title='bbox 1344 1902 1562 1940; x_wconf 83' lang='grc' dir='ltr'>μακραγορίαν</span> <span class='ocrx_word' id='word_1_349' title='bbox 1578 1901 1611 1940; x_wconf 59' lang='lat'><strong>[1.</strong></span> <span class='ocrx_word' id='word_1_350' title='bbox 1636 1927 1642 1932; x_wconf 87' lang='lat'><strong>.</strong></span> <span class='ocrx_word' id='word_1_351' title='bbox 1667 1926 1672 1932; x_wconf 89' lang='lat'><strong>.</strong></span> <span class='ocrx_word' id='word_1_352' title='bbox 1690 1901 1730 1939; x_wconf 91' lang='grc' dir='ltr'><strong>μὴ</strong></span> <span class='ocrx_word' id='word_1_353' title='bbox 1747 1901 1844 1939; x_wconf 89' lang='grc' dir='ltr'>κόρος</span> <span class='ocrx_word' id='word_1_354' title='bbox 1862 1901 1966 1932; x_wconf 83' lang='grc' dir='ltr'>ἐλθὼν</span> 
     </span>
     <span class='ocr_line' id='line_1_28' title="bbox 168 1955 1967 2002; baseline -0.004 -9"><span class='ocrx_word' id='word_1_355' title='bbox 168 1963 259 2002; x_wconf 88' lang='grc' dir='ltr'>κνίσῃ</span> <span class='ocrx_word' id='word_1_356' title='bbox 291 1987 296 1992; x_wconf 97' lang='grc'>.</span> <span class='ocrx_word' id='word_1_357' title='bbox 328 1962 366 1992; x_wconf 91' lang='grc' dir='ltr'>τὸ</span> <span class='ocrx_word' id='word_1_358' title='bbox 393 1960 421 1992; x_wconf 88' lang='grc' dir='ltr'><strong>δ’</strong></span> <span class='ocrx_word' id='word_1_359' title='bbox 451 1960 485 1992; x_wconf 84' lang='grc' dir='ltr'><strong>ἐν</strong></span> <span class='ocrx_word' id='word_1_360' title='bbox 507 1960 585 1991; x_wconf 87' lang='grc' dir='ltr'>ποσί</span> <span class='ocrx_word' id='word_1_361' title='bbox 612 1970 664 1998; x_wconf 90' lang='grc' dir='ltr'><strong>μοι</strong></span> <span class='ocrx_word' id='word_1_362' title='bbox 692 1959 812 1998; x_wconf 86' lang='grc' dir='ltr'>τράχον</span> <span class='ocrx_word' id='word_1_363' title='bbox 834 1958 846 1998; x_wconf 49' lang='lat' dir='ltr'><strong>Ji</strong></span> <span class='ocrx_word' id='word_1_364' title='bbox 868 1958 925 1988; x_wconf 87' lang='grc' dir='ltr'>ἴτω</span> <span class='ocrx_word' id='word_1_365' title='bbox 954 1957 1028 1988; x_wconf 90' lang='grc' dir='ltr'>τεὸν</span> <span class='ocrx_word' id='word_1_366' title='bbox 1051 1957 1157 1995; x_wconf 85' lang='grc' dir='ltr'>χρέος,</span> <span class='ocrx_word' id='word_1_367' title='bbox 1181 1956 1207 1987; x_wconf 82' lang='grc' dir='ltr'>ὦ</span> <span class='ocrx_word' id='word_1_368' title='bbox 1229 1959 1294 1988; x_wconf 85' lang='grc' dir='ltr'>παῖ.</span> <span class='ocrx_word' id='word_1_369' title='bbox 1320 1974 1358 1978; x_wconf 82' lang='lat'><strong>—-</strong></span> <span class='ocrx_word' id='word_1_370' title='bbox 1382 1955 1479 1986; x_wconf 67' lang='lat' dir='ltr'><strong>Nem.</strong></span> <span class='ocrx_word' id='word_1_371' title='bbox 1503 1955 1545 1987; x_wconf 75' lang='lat' dir='ltr'><strong>X.</strong></span> <span class='ocrx_word' id='word_1_372' title='bbox 1569 1955 1639 1987; x_wconf 79' lang='lat'><strong>20:</strong></span> <span class='ocrx_word' id='word_1_373' title='bbox 1663 1955 1763 1994; x_wconf 87' lang='grc' dir='ltr'>βραχύ</span> <span class='ocrx_word' id='word_1_374' title='bbox 1788 1965 1839 1992; x_wconf 92' lang='grc' dir='ltr'><strong>μοι</strong></span> <span class='ocrx_word' id='word_1_375' title='bbox 1861 1955 1967 1992; x_wconf 89' lang='grc' dir='ltr'>στόμα</span> 
     </span>
     <span class='ocr_line' id='line_1_29' title="bbox 170 2009 1966 2054; baseline -0.005 -6"><span class='ocrx_word' id='word_1_376' title='bbox 170 2017 263 2048; x_wconf 87' lang='grc' dir='ltr'>πάντ’</span> <span class='ocrx_word' id='word_1_377' title='bbox 297 2014 508 2054; x_wconf 76' lang='grc' dir='ltr'>ἀναγήσασθ’,</span> <span class='ocrx_word' id='word_1_378' title='bbox 543 2015 632 2047; x_wconf 86' lang='grc' dir='ltr'>ὅσων</span> <span class='ocrx_word' id='word_1_379' title='bbox 665 2014 813 2052; x_wconf 84' lang='grc' dir='ltr'>Ἀργεῖον</span> <span class='ocrx_word' id='word_1_380' title='bbox 841 2013 906 2051; x_wconf 83' lang='grc' dir='ltr'>ἔχει</span> <span class='ocrx_word' id='word_1_381' title='bbox 939 2013 1074 2050; x_wconf 87' lang='grc' dir='ltr'>τέμενος</span> <span class='ocrx_word' id='word_1_382' title='bbox 1097 2011 1108 2038; x_wconf 61' lang='lat'><strong>³?</strong></span> <span class='ocrx_word' id='word_1_383' title='bbox 1131 2013 1247 2049; x_wconf 85' lang='grc' dir='ltr'>μοῖραν</span> <span class='ocrx_word' id='word_1_384' title='bbox 1275 2012 1398 2042; x_wconf 80' lang='grc' dir='ltr'>ἐσλῶν·</span> <span class='ocrx_word' id='word_1_385' title='bbox 1427 2010 1495 2041; x_wconf 82' lang='grc' dir='ltr'>ἔστι</span> <span class='ocrx_word' id='word_1_386' title='bbox 1525 2011 1560 2041; x_wconf 79' lang='grc' dir='ltr'><strong>δὲ</strong></span> <span class='ocrx_word' id='word_1_387' title='bbox 1591 2010 1642 2040; x_wconf 88' lang='grc' dir='ltr'><strong>καὶ</strong></span> <span class='ocrx_word' id='word_1_388' title='bbox 1664 2009 1762 2048; x_wconf 87' lang='grc' dir='ltr'>κόρος</span> <span class='ocrx_word' id='word_1_389' title='bbox 1784 2009 1966 2047; x_wconf 83' lang='grc' dir='ltr'>ἀνθρώπων</span> 
     </span>
     <span class='ocr_line' id='line_1_30' title="bbox 168 2063 1965 2110; baseline -0.005 -8"><span class='ocrx_word' id='word_1_390' title='bbox 168 2071 266 2110; x_wconf 89' lang='grc' dir='ltr'>βαρὺς</span> <span class='ocrx_word' id='word_1_391' title='bbox 289 2069 445 2101; x_wconf 86' lang='grc' dir='ltr'>ἀντιάσαι.</span> <span class='ocrx_word' id='word_1_392' title='bbox 467 2069 608 2099; x_wconf 75' lang='lat' dir='ltr'><strong>—Post</strong></span> <span class='ocrx_word' id='word_1_393' title='bbox 630 2067 896 2099; x_wconf 81' lang='lat' dir='ltr'><strong>innumerabiles</strong></span> <span class='ocrx_word' id='word_1_394' title='bbox 919 2066 1166 2106; x_wconf 81' lang='lat' dir='ltr'><strong>Xenophontis</strong></span> <span class='ocrx_word' id='word_1_395' title='bbox 1190 2065 1355 2096; x_wconf 89' lang='lat' dir='ltr'><strong>Corinthii</strong></span> <span class='ocrx_word' id='word_1_396' title='bbox 1379 2064 1554 2098; x_wconf 63' lang='lat' dir='ltr'><strong>victorias,</strong></span> <span class='ocrx_word' id='word_1_397' title='bbox 1581 2073 1668 2103; x_wconf 77' lang='lat' dir='ltr'><strong>quas</strong></span> <span class='ocrx_word' id='word_1_398' title='bbox 1699 2063 1732 2093; x_wconf 93' lang='lat' dir='ltr'><strong>in</strong></span> <span class='ocrx_word' id='word_1_399' title='bbox 1765 2064 1869 2094; x_wconf 86' lang='lat' dir='ltr'><strong>archa</strong></span> <span class='ocrx_word' id='word_1_400' title='bbox 1893 2073 1965 2093; x_wconf 88' lang='lat' dir='ltr'><strong>car-</strong></span> 
     </span>
     <span class='ocr_line' id='line_1_31' title="bbox 172 2118 1966 2161; baseline -0.005 -5"><span class='ocrx_word' id='word_1_401' title='bbox 172 2125 272 2156; x_wconf 88' lang='lat' dir='ltr'><strong>minis</strong></span> <span class='ocrx_word' id='word_1_402' title='bbox 295 2124 349 2156; x_wconf 91' lang='lat' dir='ltr'><strong>Ol.</strong></span> <span class='ocrx_word' id='word_1_403' title='bbox 372 2124 463 2156; x_wconf 86' lang='lat' dir='ltr'><strong>XIII</strong></span> <span class='ocrx_word' id='word_1_404' title='bbox 486 2123 617 2161; x_wconf 88' lang='lat' dir='ltr'><strong>cecinit,</strong></span> <span class='ocrx_word' id='word_1_405' title='bbox 640 2134 672 2154; x_wconf 84' lang='lat' dir='ltr'><strong>v.</strong></span> <span class='ocrx_word' id='word_1_406' title='bbox 695 2124 749 2154; x_wconf 84' lang='lat'><strong>46:</strong></span> <span class='ocrx_word' id='word_1_407' title='bbox 784 2123 842 2154; x_wconf 87' lang='grc' dir='ltr'><strong>οὐκ</strong></span> <span class='ocrx_word' id='word_1_408' title='bbox 873 2122 913 2153; x_wconf 85' lang='grc' dir='ltr'><strong>ἂν</strong></span> <span class='ocrx_word' id='word_1_409' title='bbox 947 2121 1063 2159; x_wconf 84' lang='grc' dir='ltr'>εἰδείην</span> <span class='ocrx_word' id='word_1_410' title='bbox 1097 2121 1201 2158; x_wconf 87' lang='grc' dir='ltr'>λέγειν</span> <span class='ocrx_word' id='word_1_411' title='bbox 1228 2122 1362 2152; x_wconf 86' lang='grc' dir='ltr'>ποντιᾶν</span> <span class='ocrx_word' id='word_1_412' title='bbox 1385 2119 1509 2158; x_wconf 84' lang='grc' dir='ltr'>ψάφων</span> <span class='ocrx_word' id='word_1_413' title='bbox 1532 2119 1675 2157; x_wconf 88' lang='grc' dir='ltr'>ἀριθμόν,</span> <span class='ocrx_word' id='word_1_414' title='bbox 1699 2119 1747 2148; x_wconf 90' lang='lat' dir='ltr'><strong>ita</strong></span> <span class='ocrx_word' id='word_1_415' title='bbox 1772 2118 1966 2148; x_wconf 87' lang='lat' dir='ltr'><strong>modestiae</strong></span> 
     </span>
     <span class='ocr_line' id='line_1_32' title="bbox 171 2172 1964 2219; baseline -0.004 -9"><span class='ocrx_word' id='word_1_416' title='bbox 171 2189 305 2211; x_wconf 88' lang='lat' dir='ltr'><strong>memor</strong></span> <span class='ocrx_word' id='word_1_417' title='bbox 337 2179 464 2219; x_wconf 85' lang='lat' dir='ltr'><strong>pergit,</strong></span> <span class='ocrx_word' id='word_1_418' title='bbox 501 2178 552 2209; x_wconf 86' lang='lat' dir='ltr'><strong>Ol.</strong></span> <span class='ocrx_word' id='word_1_419' title='bbox 584 2178 684 2214; x_wconf 86' lang='lat' dir='ltr'><em>XIII,</em></span> <span class='ocrx_word' id='word_1_420' title='bbox 718 2178 762 2209; x_wconf 83' lang='lat'><strong>47</strong></span> <span class='ocrx_word' id='word_1_421' title='bbox 768 2189 779 2207; x_wconf 90' lang='grc'><strong>.·</strong></span> <span class='ocrx_word' id='word_1_422' title='bbox 813 2177 923 2208; x_wconf 84' lang='grc' dir='ltr'>ἕπεται</span> <span class='ocrx_word' id='word_1_423' title='bbox 951 2176 977 2208; x_wconf 80' lang='grc' dir='ltr'><strong>δ’</strong></span> <span class='ocrx_word' id='word_1_424' title='bbox 1012 2176 1046 2207; x_wconf 81' lang='grc' dir='ltr'><strong>ἐν</strong></span> <span class='ocrx_word' id='word_1_425' title='bbox 1078 2175 1204 2216; x_wconf 80' lang='grc' dir='ltr'>ἑκάστῳ</span> <span class='ocrx_word' id='word_1_426' title='bbox 1227 2174 1238 2215; x_wconf 72' lang='grc' dir='ltr'><strong>ΙΙ</strong></span> <span class='ocrx_word' id='word_1_427' title='bbox 1262 2176 1393 2213; x_wconf 88' lang='grc' dir='ltr'>μέτρον·</span> <span class='ocrx_word' id='word_1_428' title='bbox 1423 2176 1541 2211; x_wconf 84' lang='grc' dir='ltr'>νοῆσαι</span> <span class='ocrx_word' id='word_1_429' title='bbox 1564 2174 1600 2204; x_wconf 81' lang='grc' dir='ltr'><strong>δὲ</strong></span> <span class='ocrx_word' id='word_1_430' title='bbox 1623 2173 1735 2211; x_wconf 89' lang='grc' dir='ltr'>καιρὸς</span> <span class='ocrx_word' id='word_1_431' title='bbox 1760 2172 1902 2211; x_wconf 87' lang='grc' dir='ltr'>ἄριστος.</span> <span class='ocrx_word' id='word_1_432' title='bbox 1926 2190 1964 2193; x_wconf 91' lang='grc'><strong>-</strong></span> 
     </span>
     <span class='ocr_line' id='line_1_33' title="bbox 169 2226 1966 2273; baseline -0.005 -8"><span class='ocrx_word' id='word_1_433' title='bbox 169 2234 303 2265; x_wconf 90' lang='lat' dir='ltr'><strong>Eodem</strong></span> <span class='ocrx_word' id='word_1_434' title='bbox 336 2233 489 2273; x_wconf 90' lang='lat' dir='ltr'><strong>pertinet</strong></span> <span class='ocrx_word' id='word_1_435' title='bbox 519 2233 626 2268; x_wconf 87' lang='lat' dir='ltr'><strong>locus,</strong></span> <span class='ocrx_word' id='word_1_436' title='bbox 660 2242 729 2272; x_wconf 93' lang='lat' dir='ltr'><strong>quo</strong></span> <span class='ocrx_word' id='word_1_437' title='bbox 763 2231 854 2267; x_wconf 78' lang='lat' dir='ltr'><strong>dicit,</strong></span> <span class='ocrx_word' id='word_1_438' title='bbox 889 2241 926 2261; x_wconf 91' lang='lat' dir='ltr'><strong>se</strong></span> <span class='ocrx_word' id='word_1_439' title='bbox 960 2230 1142 2270; x_wconf 88' lang='lat' dir='ltr'><strong>quominus</strong></span> <span class='ocrx_word' id='word_1_440' title='bbox 1169 2236 1306 2270; x_wconf 79' lang='lat' dir='ltr'><strong>pergat,</strong></span> <span class='ocrx_word' id='word_1_441' title='bbox 1337 2229 1422 2259; x_wconf 86' lang='lat' dir='ltr'><strong>artis</strong></span> <span class='ocrx_word' id='word_1_442' title='bbox 1445 2229 1525 2268; x_wconf 83' lang='lat' dir='ltr'><strong>lege</strong></span> <span class='ocrx_word' id='word_1_443' title='bbox 1549 2234 1583 2258; x_wconf 90' lang='lat' dir='ltr'><strong>et</strong></span> <span class='ocrx_word' id='word_1_444' title='bbox 1605 2227 1774 2267; x_wconf 86' lang='lat' dir='ltr'><strong>temporis</strong></span> <span class='ocrx_word' id='word_1_445' title='bbox 1797 2226 1966 2266; x_wconf 80' lang='lat' dir='ltr'><strong>angustiis</strong></span> 
     </span>
     <span class='ocr_line' id='line_1_34' title="bbox 167 2280 1965 2328; baseline -0.004 -10"><span class='ocrx_word' id='word_1_446' title='bbox 167 2287 353 2328; x_wconf 84' lang='lat' dir='ltr'><strong>prohiberi,</strong></span> <span class='ocrx_word' id='word_1_447' title='bbox 375 2286 473 2317; x_wconf 67' lang='grc' dir='ltr'>Νενι.</span> <span class='ocrx_word' id='word_1_448' title='bbox 497 2287 558 2322; x_wconf 74' lang='grc' dir='ltr'><strong>[ἶῖ</strong></span> <span class='ocrx_word' id='word_1_449' title='bbox 579 2286 644 2319; x_wconf 87' lang='grc'><strong><em>33.·</em></strong></span> <span class='ocrx_word' id='word_1_450' title='bbox 676 2287 716 2318; x_wconf 87' lang='grc' dir='ltr'>τὰ</span> <span class='ocrx_word' id='word_1_451' title='bbox 739 2286 843 2325; x_wconf 87' lang='grc' dir='ltr'>μακρὰ</span> <span class='ocrx_word' id='word_1_452' title='bbox 867 2286 894 2317; x_wconf 89' lang='grc' dir='ltr'><strong>δ’</strong></span> <span class='ocrx_word' id='word_1_453' title='bbox 918 2285 1078 2316; x_wconf 82' lang='grc' dir='ltr'>ἐξενέπειν</span> <span class='ocrx_word' id='word_1_454' title='bbox 1102 2285 1207 2324; x_wconf 80' lang='grc' dir='ltr'>ἐρύκει</span> <span class='ocrx_word' id='word_1_455' title='bbox 1230 2295 1267 2323; x_wconf 88' lang='grc' dir='ltr'>με</span> <span class='ocrx_word' id='word_1_456' title='bbox 1289 2285 1406 2322; x_wconf 87' lang='grc' dir='ltr'>τεθμὸς</span> <span class='ocrx_word' id='word_1_457' title='bbox 1429 2284 1440 2323; x_wconf 58' lang='grc' dir='ltr'><strong>Ῑζ</strong></span> <span class='ocrx_word' id='word_1_458' title='bbox 1462 2283 1543 2321; x_wconf 81' lang='grc' dir='ltr'>ὧραί</span> <span class='ocrx_word' id='word_1_459' title='bbox 1565 2283 1590 2313; x_wconf 80' lang='grc' dir='ltr'>τ’</span> <span class='ocrx_word' id='word_1_460' title='bbox 1608 2282 1820 2319; x_wconf 82' lang='grc' dir='ltr'>ἐπειγόμεναι.</span> <span class='ocrx_word' id='word_1_461' title='bbox 1837 2280 1965 2311; x_wconf 90' lang='lat' dir='ltr'><strong>—Has</strong></span> 
     </span>
     <span class='ocr_line' id='line_1_35' title="bbox 169 2335 1965 2382; baseline -0.005 -9"><span class='ocrx_word' id='word_1_462' title='bbox 169 2347 379 2382; x_wconf 88' lang='lat' dir='ltr'><strong>catatropas‚</strong></span> <span class='ocrx_word' id='word_1_463' title='bbox 404 2352 491 2382; x_wconf 90' lang='lat' dir='ltr'><strong>quas</strong></span> <span class='ocrx_word' id='word_1_464' title='bbox 514 2342 803 2381; x_wconf 90' lang='lat' dir='ltr'><strong>„abrumpentes“</strong></span> <span class='ocrx_word' id='word_1_465' title='bbox 827 2339 920 2370; x_wconf 88' lang='lat' dir='ltr'><strong>haud</strong></span> <span class='ocrx_word' id='word_1_466' title='bbox 945 2340 1062 2379; x_wconf 90' lang='lat' dir='ltr'><strong>inepte</strong></span> <span class='ocrx_word' id='word_1_467' title='bbox 1087 2339 1227 2373; x_wconf 76' lang='lat' dir='ltr'><strong>dixeris,</strong></span> <span class='ocrx_word' id='word_1_468' title='bbox 1244 2348 1406 2368; x_wconf 76' lang='lat' dir='ltr'><strong>maxume</strong></span> <span class='ocrx_word' id='word_1_469' title='bbox 1423 2347 1468 2367; x_wconf 79' lang='lat' dir='ltr'><strong>ex</strong></span> <span class='ocrx_word' id='word_1_470' title='bbox 1483 2346 1580 2367; x_wconf 90' lang='lat' dir='ltr'><strong>more</strong></span> <span class='ocrx_word' id='word_1_471' title='bbox 1595 2336 1725 2366; x_wconf 84' lang='lat' dir='ltr'><strong>veteris</strong></span> <span class='ocrx_word' id='word_1_472' title='bbox 1741 2335 1965 2375; x_wconf 90' lang='lat' dir='ltr'><strong>epiniciorum</strong></span> 
     </span>
     <span class='ocr_line' id='line_1_36' title="bbox 169 2389 1964 2436; baseline -0.005 -9"><span class='ocrx_word' id='word_1_473' title='bbox 169 2396 287 2436; x_wconf 86' lang='lat' dir='ltr'><strong>poesis</strong></span> <span class='ocrx_word' id='word_1_474' title='bbox 308 2396 415 2427; x_wconf 83' lang='lat' dir='ltr'><strong>fuisse</strong></span> <span class='ocrx_word' id='word_1_475' title='bbox 439 2396 605 2427; x_wconf 87' lang='lat' dir='ltr'><strong>credibile</strong></span> <span class='ocrx_word' id='word_1_476' title='bbox 628 2402 690 2427; x_wconf 89' lang='lat' dir='ltr'><strong>est.</strong></span> <span class='ocrx_word' id='word_1_477' title='bbox 736 2395 787 2426; x_wconf 88' lang='lat' dir='ltr'><strong>Ea</strong></span> <span class='ocrx_word' id='word_1_478' title='bbox 811 2395 899 2426; x_wconf 90' lang='lat' dir='ltr'><strong>enim</strong></span> <span class='ocrx_word' id='word_1_479' title='bbox 922 2396 987 2425; x_wconf 91' lang='lat' dir='ltr'><strong>hoc</strong></span> <span class='ocrx_word' id='word_1_480' title='bbox 1010 2393 1240 2434; x_wconf 85' lang='lat' dir='ltr'><strong>potissumum</strong></span> <span class='ocrx_word' id='word_1_481' title='bbox 1263 2398 1384 2424; x_wconf 87' lang='lat' dir='ltr'><strong>secuta</strong></span> <span class='ocrx_word' id='word_1_482' title='bbox 1406 2392 1551 2426; x_wconf 70' lang='lat' dir='ltr'><strong>videtur,</strong></span> <span class='ocrx_word' id='word_1_483' title='bbox 1575 2396 1612 2421; x_wconf 91' lang='lat' dir='ltr'><strong>ut</strong></span> <span class='ocrx_word' id='word_1_484' title='bbox 1636 2390 1669 2421; x_wconf 92' lang='lat' dir='ltr'><strong>in</strong></span> <span class='ocrx_word' id='word_1_485' title='bbox 1693 2389 1902 2420; x_wconf 87' lang='lat' dir='ltr'><strong>carminibus</strong></span> <span class='ocrx_word' id='word_1_486' title='bbox 1919 2389 1964 2418; x_wconf 89' lang='lat' dir='ltr'><strong>ad</strong></span> 
     </span>
     <span class='ocr_line' id='line_1_37' title="bbox 168 2446 1709 2488; baseline -0.003 -9"><span class='ocrx_word' id='word_1_487' title='bbox 168 2448 262 2479; x_wconf 91' lang='lat' dir='ltr'><strong>nomi</strong></span> <span class='ocrx_word' id='word_1_488' title='bbox 285 2448 510 2488; x_wconf 87' lang='lat' dir='ltr'><strong>Terpandrici</strong></span> <span class='ocrx_word' id='word_1_489' title='bbox 532 2459 688 2479; x_wconf 91' lang='lat' dir='ltr'><strong>normam</strong></span> <span class='ocrx_word' id='word_1_490' title='bbox 710 2448 813 2479; x_wconf 85' lang='lat' dir='ltr'><strong>factis</strong></span> <span class='ocrx_word' id='word_1_491' title='bbox 834 2454 954 2488; x_wconf 88' lang='lat' dir='ltr'><strong>partes</strong></span> <span class='ocrx_word' id='word_1_492' title='bbox 975 2448 1141 2479; x_wconf 89' lang='lat' dir='ltr'><strong>finitimae</strong></span> <span class='ocrx_word' id='word_1_493' title='bbox 1165 2449 1257 2479; x_wconf 89' lang='lat' dir='ltr'><strong>clare</strong></span> <span class='ocrx_word' id='word_1_494' title='bbox 1279 2448 1368 2478; x_wconf 92' lang='lat' dir='ltr'><strong>inter</strong></span> <span class='ocrx_word' id='word_1_495' title='bbox 1392 2458 1429 2478; x_wconf 91' lang='lat' dir='ltr'><strong>se</strong></span> <span class='ocrx_word' id='word_1_496' title='bbox 1453 2446 1709 2477; x_wconf 89' lang='lat' dir='ltr'><strong>distinerentur.</strong></span> 
     </span>
    </p>
   </div>
  </div>
 </body>
</html>
