2222 2987
1088 284 1159 314 XII

322 493 369 522 12.
402 490 555 521 Secunda
579 490 709 529 classis,
734 499 776 519 ex
800 493 898 528 parte
921 486 1073 517 vinciens
1096 487 1235 517 archam
1259 493 1293 518 et
1315 487 1523 527 omphalum,
1552 497 1596 517 ex
1618 492 1719 526 parte
1742 496 1945 527 segregans,

504 545 663 585 quattuor
685 543 790 573 habet
814 541 989 580 exempla:
1013 540 1110 571 A'sm.
1134 540 1160 575 Ι,
1191 540 1287 572 Nem.
1320 541 1371 581 17,
1404 540 1483 571 ΛΜ.
1508 540 1572 576 ΙΙΙ,
1597 540 1676 571 lsllz.
1701 540 1760 571 JI'.

383 637 554 668 Secumlac
588 635 696 667 classi.
732 644 820 674 quae
853 634 1014 673 quaflltor
1045 633 1207 672 exempla
1241 633 1488 667 subministrat,
1511 633 1576 663 hoc
1598 632 1777 672 proprium
1802 638 1864 668 est,
1888 638 1925 663 ut
1947 640 2028 673 post

235 692 384 727 archam,
400 701 488 731 quae
509 689 690 730 praeludia
713 688 779 718 iarn
802 688 941 717 laudum
968 686 1109 717 victoris
1133 687 1187 717 vel
1210 687 1344 726 patriae
1369 686 1440 716 eius
1464 686 1657 725 induxerat,
1686 691 1793 725 poeta
1815 696 1904 717 nunc
1927 687 2027 717 altius

235 746 300 776 sibi
333 745 577 785 insurgendum
612 753 688 773 esse
728 742 836 777 dicat;
876 750 1038 781 magnam
1071 750 1185 770 rerum
1218 740 1525 780 pulcherrimarum
1555 740 1693 780 copiam
1718 740 1783 770 sibi
1807 740 1839 770 in
1863 747 2027 781 promptu

234 810 321 835 esse,
356 809 445 839 quae
471 798 588 829 debita
613 796 799 827 carminum
823 795 980 836 praemia
1012 800 1046 825 et
1068 795 1263 825 mercedem
1287 794 1351 825 sibi
1374 800 1527 834 poscant.
1570 794 1609 824 In
1631 795 1731 825 huius
1754 795 1892 834 generis
1910 805 2026 826 exem-

234 854 299 894 plis
332 853 506 893 plerisque
540 851 701 891 omphali‚
736 850 794 890 qui
828 855 1045 889 catatropam
1077 849 1240 889 sequitur,
1275 859 1317 880 ea
1348 849 1436 879 ratio
1466 854 1527 886 est,
1557 855 1593 879 ut
1618 859 1687 879 non
1711 850 1755 879 ad
1778 860 1834 880 res
1856 850 2027 890 mythicas

233 907 442 947 egrediatur,
465 906 526 935 sed
549 905 656 944 ipsius
679 904 820 935 victoris
842 904 966 933 merita
989 909 1023 934 et
1046 913 1101 933 res
1123 909 1244 943 gestas
1267 903 1456 942 praedicet.
1501 903 1540 933 In
1562 913 1630 933 uno
1654 903 1728 933 solo
1757 904 1918 939 carmine,
1942 903 2024 934 Isth.

231 961 302 996 IV„
327 960 508 1000 omphalus
531 964 625 989 totus
651 959 683 988 in
706 957 832 988 fabulis
855 963 1022 988 versatur.
1052 957 1224 997 Exempla
1247 958 1333 988 haec
1357 963 1444 988 sunt.
1487 957 1583 988 A'cm.
1608 958 1634 994 Ι,
1658 958 1718 990 18.·
1752 960 1883 989 πολλῶν
1907 959 2026 997 ἐπέβαν

231 1015 342 1054 καιρὸν
366 1014 404 1046 οὐ
428 1014 540 1052 ψεύδει
563 1013 679 1052 βαλών.
715 1011 814 1052 Quae
838 1017 1025 1051 sequuntur
1047 1012 1081 1042 in
1105 1012 1267 1051 omphalo
1292 1012 1455 1042 eximium
1477 1012 1854 1052 exquisitissimumque
1874 1012 2027 1043 Chromii

232 1069 382 1109 elogium
414 1068 589 1099 exhibent.
622 1085 661 1089 ——
699 1066 796 1097 A'em.
836 1066 888 1101 17,
918 1067 982 1098 29:
1021 1066 1154 1104 ἔλπομαι
1181 1066 1192 1106 Η
1220 1067 1300 1103 μέγα
1333 1065 1431 1097 εἰπὼν
1464 1068 1590 1097 σκοποῦ
1620 1066 1700 1098 ἄντα
1724 1068 1830 1105 τυχεῖν
1851 1066 1863 1106 Η
1885 1065 1938 1098 ὥτ’
1962 1067 2026 1098 ἀπὸ

229 1124 325 1155 τόξου
347 1122 418 1160 ἱείς·
443 1121 547 1153 εὔθυν’
573 1121 623 1152 ἐπὶ
645 1122 762 1152 τοῦτον
783 1121 899 1160 ἐπέων,
924 1120 949 1151 ὦ
972 1119 1078 1157 Μοῑσ’Ί
1102 1118 1151 1157 ἄγ’
1167 1119 1266 1158 οὖρον
1281 1119 1292 1159 Η
1308 1120 1442 1150 εὐκλεῑα.
1481 1118 1643 1158 Sequitur
1659 1120 1693 1149 in
1708 1120 1871 1160 omphalo
1887 1130 1908 1150 a
1923 1130 2026 1151 versu

230 1178 269 1208 36
289 1176 514 1207 Bassidarum
537 1175 770 1214 praeconium.
796 1192 835 1195 —
858 1173 938 1205 Isllz.
963 1174 1026 1212 ΙΙΙ,
1050 1175 1110 1206 19.·
1143 1174 1211 1205 ἔστι
1235 1184 1287 1212 μοι
1310 1175 1393 1205 θεῶν
1417 1173 1503 1204 ἕκατι
1533 1173 1626 1212 μυρία
1651 1176 1756 1214 παντᾷ
1779 1175 1940 1212 κέλευθος,
1963 1174 1975 1215 Η
1999 1174 2024 1206 ὦ

230 1230 375 1269 Μέλισσ’,
413 1230 610 1268 εὐμαχανίαν
645 1229 706 1267 γὰρ
739 1229 865 1268 ἔφανας
901 1229 1047 1267 Ἰσθμίοις
1081 1228 1093 1269 ΙΙ
1128 1228 1284 1267 ὑμετέρας
1312 1227 1429 1266 ἀρετὰς
1452 1228 1540 1269 ὕμνῳ
1564 1228 1695 1259 διώκειν.
1719 1246 1759 1249 ffl
1781 1228 1820 1258 In
1843 1234 2021 1268 postremo

230 1286 393 1324 exemplo
418 1284 500 1315 Isth.
520 1283 580 1323 IV,
604 1284 643 1314 26
668 1284 850 1322 omphalus
874 1282 1046 1322 mythicus
1070 1287 1131 1313 est.
1176 1282 1214 1312 In
1239 1283 1343 1312 archa
1365 1287 1473 1321 poeta
1495 1282 1562 1312 hoc
1585 1281 1732 1317 dixerat,
1760 1281 1911 1312 virorum
1940 1289 2024 1313 stre-

229 1350 374 1370 nuorum
393 1339 554 1369 laudibus
576 1338 798 1368 invidendum
820 1347 889 1367 non
914 1346 1004 1372 esse;
1040 1337 1194 1376 sequitur
1225 1342 1421 1376 catatropa:
1457 1346 1537 1365 nam
1559 1336 1703 1366 heroum
1727 1345 1865 1375 quoque
1889 1336 2023 1377 egregii

228 1394 418 1424 bellatores
454 1402 606 1423 summae
631 1401 768 1432 semper
791 1391 929 1421 vatibus
959 1397 993 1421 et
1024 1391 1279 1430 sapientissimo
1303 1390 1424 1430 cuique
1451 1400 1554 1421 curae
1576 1389 1730 1420 fuerunt:
1769 1389 1849 1419 Isllz.
1876 1390 1901 1420 I
1905 1390 1936 1425 1⁷,
1959 1391 2024 1422 26.-

229 1448 280 1478 καὶ
302 1448 362 1485 γὰρ
385 1446 501 1485 ἡρώων
523 1446 638 1483 ἀγαθοὶ
662 1446 852 1484 πολεμισταὶ
868 1445 879 1485 Η
896 1445 995 1482 λόγον
1019 1445 1204 1483 ἐκέρδαναν,
1228 1445 1375 1476 κλέονται
1399 1443 1424 1475 δ’
1450 1469 1454 1474 .
1480 1469 1484 1474 .
1509 1469 1514 1474 .
1539 1444 1650 1482 μυρίον
1673 1444 1805 1482 χρόνον·
1830 1445 1966 1482 μελέταν
1989 1446 2024 1476 δὲ

228 1503 404 1541 σοφισταῖς
427 1500 439 1541 ΙΙ
463 1488 653 1540 πρόσβαλον
675 1500 883 1539 σεβιζόμενοι.
925 1498 1116 1538 Omphalus
1140 1498 1374 1529 Aeacidarum
1398 1498 1546 1538 gloriam
1569 1499 1798 1538 persequitur.
1823 1516 1862 1519 -—
1890 1499 1927 1528 In
1959 1500 2023 1529 hac

228 1556 333 1596 igitur
366 1555 468 1586 classi
503 1560 636 1586 tantum
673 1555 782 1590 abest,
814 1560 851 1584 ut
874 1554 964 1584 saltu
987 1553 1101 1592 aliquo
1126 1553 1231 1584 archa
1253 1554 1296 1583 ab
1322 1552 1484 1592 omphalo
1510 1552 1680 1591 dirempta
1702 1552 1755 1587 sit,
1780 1558 1816 1582 ut
1840 1558 2020 1593 catatropa

228 1610 402 1640 vinculum
436 1609 552 1649 potius
586 1609 674 1639 inter
709 1610 830 1640 ambos
853 1609 1049 1639 constituat.
1099 1608 1138 1638 In
1161 1608 1271 1647 prima
1295 1607 1397 1638 classi
1421 1607 1577 1646 asperius
1600 1607 1756 1637 membra
1776 1607 1890 1637 vicina
1913 1607 2024 1638 divisa

228 1663 384 1694 vidimus.
441 1663 600 1695 Secunda
635 1663 755 1694 classis
791 1672 867 1693 eam
902 1662 1146 1693 diiunctionem
1180 1661 1323 1702 egregie
1358 1661 1508 1701 mitigat;
1543 1662 1605 1692 sed
1640 1662 1745 1692 nihilo
1768 1662 1878 1692 minus
1901 1662 1934 1692 in
1957 1663 2022 1692 hac

230 1728 367 1758 quoque
402 1718 505 1748 classi
527 1723 709 1756 catatropa
733 1717 936 1747 distinendis
969 1716 1120 1747 finitimis
1152 1716 1310 1756 partibus
1345 1725 1390 1746 ex
1423 1721 1523 1755 parte
1547 1716 1698 1755 quadam
1722 1726 1763 1746 ea
1784 1725 1822 1746 re
1844 1715 2020 1756 prospicit,

228 1772 324 1812 quod
346 1782 443 1802 suam
466 1772 499 1802 in
523 1782 564 1802 ea
585 1781 770 1811 personam
793 1777 900 1811 poeta
922 1781 1037 1802 rerum
1059 1770 1220 1802 varietati
1242 1770 1420 1800 immiscet.
1465 1769 1544 1800 Hoc
1567 1770 1644 1810 ipso
1666 1769 1810 1801 artificio
1826 1771 1894 1801 iam
1910 1770 2017 1801 series

228 1831 263 1857 et
285 1827 498 1857 continuatio
523 1827 755 1857 membrorum
778 1836 855 1857 sese
879 1825 1123 1866 excipientium
1147 1824 1412 1864 interrumpitur.
1457 1824 1655 1864 Adparebit
1678 1830 1794 1855 autem
1817 1824 1849 1855 in
1872 1834 2018 1865 sequen-

228 1879 330 1914 tibus,
354 1879 534 1915 interdum,
557 1889 634 1910 cum
657 1889 712 1910 res
736 1879 784 1910 ita
806 1879 897 1910 ferre
920 1879 1107 1915 videretur,
1131 1879 1239 1909 multo
1274 1879 1378 1910 etiam
1413 1878 1541 1909 arctius
1574 1879 1715 1909 archam
1749 1888 1824 1909 curn
1857 1880 2020 1919 omphalo

228 1932 414 1963 Pindarum
435 1933 626 1973 copulasse.

299 2126 345 2156 13.
381 2124 495 2155 Tertia
518 2125 648 2161 classis,
673 2125 817 2156 deorum
840 2126 1136 2166 comprecationes
1159 2126 1347 2162 continens,
1374 2136 1450 2157 eum
1472 2125 1584 2156 tribus
1608 2127 1793 2166 exemplis:
1833 2127 1884 2158 Ol.
1908 2127 1953 2162 II,

381 2178 431 2210 Ol.
456 2179 544 2214 VIII,
565 2178 657 2220 Ιῇιίίι.
679 2179 705 2211 Ι.
723 2197 765 2201 —-
781 2179 913 2219 Quarla
929 2181 1059 2216 classis,
1078 2181 1241 2221 omphalo
1259 2181 1475 2220 praeludens,
1500 2191 1577 2211 cum
1600 2190 1661 2210 sex
1685 2182 1868 2221 exemplis:

598 2232 688 2275 Jsslz.
711 2233 735 2264 I
740 2234 772 2265 V.
798 2233 849 2266 Ol.
882 2233 957 2270 VII,
980 2234 1076 2266 A‘em.
1100 2235 1160 2270 IX,
1185 2234 1265 2266 Isth.
1299 2235 1331 2270 V,
1356 2234 1436 2265 Istlz.
1459 2234 1486 2269 I,
1513 2234 1564 2266 Ol.
1596 2235 1648 2267 Vl.

398 2324 513 2355 Tertia
536 2326 656 2357 classis
680 2336 756 2357 cum
779 2325 890 2357 tribus
913 2326 1082 2366 exemplis
1106 2336 1147 2357 ea
1170 2332 1233 2363 est,
1257 2326 1290 2357 in
1313 2336 1382 2366 qua
1402 2331 1584 2366 catatropa
1607 2326 1751 2357 deorum
1774 2327 2016 2359 immortalium

228 2379 524 2419 comprecationes
547 2380 708 2417 continet,
732 2382 827 2421 quod
848 2380 886 2412 fit
909 2381 943 2411 in
966 2381 1183 2418 carminibus,
1207 2381 1330 2422 quibus
1353 2381 1506 2412 intimum
1530 2381 1633 2412 animi
1654 2391 1792 2412 sensum
1813 2388 1921 2422 poeta
1943 2384 2015 2414 elo·-

227 2433 352 2473 quitur.
401 2433 451 2463 Ol.
475 2433 523 2469 Il,
550 2434 587 2466 13
597 2447 607 2464 .·
650 2433 718 2466 ἀλλ’
744 2435 769 2466 ὧ
793 2435 903 2474 Κρόνιε
927 2437 983 2467 παῖ
1004 2436 1098 2475 Ῥέας
1122 2462 1127 2467 .
1151 2462 1157 2469 .
1183 2461 1189 2467 .
1212 2435 1224 2476 ΙΙ
1248 2436 1366 2475 ἰανθεὶς
1389 2436 1514 2475 ἀοιδαῖς
1537 2435 1548 2475 {l
1571 2436 1703 2475 εὔφρων
1727 2436 1870 2476 ἄρουραν
1892 2437 1935 2468 ἔτι
1958 2448 2016 2468 πα-
