2222 2987
1044 272 1150 302 XVII

201 373 382 408 poetarum
418 372 613 406 emptorum
649 367 943 397 conductorumve
975 375 1128 399 numero,
1153 364 1210 404 qui
1234 363 1375 395 cuilibet
1398 364 1539 395 venales
1563 364 1638 394 sint.
1684 364 1760 403 Ego
1785 365 1913 395 claram
1937 374 1996 395 no-

201 427 341 461 tamque
364 431 427 461 per
452 420 635 452 Graeciam
657 420 837 450 victoriam
861 430 956 455 cano,
992 425 1142 450 vestram
1177 419 1281 455 illam,
1310 428 1411 458 quam
1438 418 1470 448 in
1497 418 1630 449 Isthmo
1655 418 1751 457 equis
1776 418 1997 449 Xenocrates

198 477 346 516 adeptus
381 482 443 512 est,
475 476 551 507 lsflz.
584 475 632 511 ΙΙ,
662 475 721 506 12:
753 474 825 506 ἐσσὶ
855 474 916 512 γὰρ
949 473 1007 505 οὖν
1037 473 1155 512 σοφός,
1184 473 1241 504 οὐκ
1270 471 1384 510 ἀγνῶτ’
1406 472 1501 503 ἀείδω
1525 472 1536 512 Η
1558 467 1697 510 Ἰσθμίαν
1718 472 1842 503 ἵπποισι
1864 473 1962 511 νίκαν,
1985 471 1997 512 ΙΙ

198 531 257 562 τὰν
269 531 463 569 Ξενοκράτει
475 529 670 561 Ποσειδάων
683 528 823 566 ὀπάσαις
836 554 841 559 .
856 554 861 559 .
876 553 881 557 .
895 528 1085 567 Omphalus
1102 527 1322 563 Xenocratis,
1340 526 1550 566 Thrasybuli
1568 526 1687 565 patris,
1703 526 1866 556 victorias
1878 536 1995 565 perse-

203 584 326 624 quitur.
359 584 472 614 Poeta
488 584 592 624 igitur
610 583 643 613 in
663 587 844 622 catatropa
862 582 967 621 longe
990 591 1027 612 se
1045 591 1200 612 seorsum
1218 581 1344 611 sentire
1369 582 1412 611 ab
1437 581 1495 617 eis,
1519 591 1609 620 quae
1632 581 1664 610 in
1688 581 1793 611 archa
1815 581 1996 621 rettulerit,

201 638 385 679 profitetur
409 648 518 678 eaque
542 638 617 677 ipsa
640 648 677 668 re
702 636 883 667 transitum
907 637 951 665 ad
975 636 1172 675 omphalum
1197 635 1259 665 sibi
1275 635 1398 665 firmat.
1444 634 1508 665 His
1530 635 1644 674 igitur,
1667 645 1752 674 quas
1768 635 1995 672 distinximus,

207 698 338 732 septem
376 692 544 723 classibus
578 690 730 721 varietas
763 690 872 720 omnis
896 694 1154 729 catatroparum
1178 690 1211 719 in
1235 689 1375 719 Pindari
1398 689 1605 719 carminibus
1627 689 1830 720 continetur.
1876 689 1997 728 Atque

204 757 308 777 unum
343 747 427 777 satis
461 746 553 776 clare
585 755 630 775 ex
663 746 728 774 hac
761 744 896 784 sylloga
930 744 1058 775 elucet:
1100 748 1302 783 catatropas
1335 743 1368 773 vi
1398 748 1431 772 et
1458 748 1582 773 natura
1609 753 1670 773 sua
1694 744 1785 782 apud
1810 743 1996 773 Pindarum

203 810 366 830 maxume
390 799 478 829 inter
501 808 537 829 se
561 798 719 828 diversas
743 808 837 833 esse;
863 797 912 828 eis
931 797 1020 828 enim
1044 797 1231 829 interiectis
1255 798 1360 828 archa
1383 799 1488 828 modo
1525 799 1569 828 ab
1605 798 1768 837 omphalo
1800 797 1997 837 praefracte

203 854 399 894 diiungitur,
416 854 520 884 modo
543 853 697 892 pressius
722 853 918 892 arctiusque
941 862 1018 882 cum
1043 862 1084 882 eo
1110 852 1306 892 copulatur;
1331 852 1392 881 sed
1417 851 1505 881 inter
1527 852 1614 882 haec
1631 852 1697 881 duo
1715 851 1888 882 contraria
1905 862 1996 882 com-

200 909 318 949 plures
339 909 470 948 gradus
494 907 667 938 constituti
691 918 711 937 a
731 912 836 946 poeta
861 912 948 946 sunt7
973 907 1097 946 quibus
1119 916 1250 946 genera
1273 906 1420 941 mitiora,
1444 906 1556 945 magis
1581 905 1736 936 minusve
1754 907 1809 936 Vel
1830 907 1862 936 in
1887 907 1997 937 seiun-

202 964 319 1004 gendo
342 964 397 994 vel
420 963 453 993 in
475 962 656 993 vinciendo
680 961 844 997 efficacia,
879 961 1102 992 continentur.
1158 961 1246 990 Nam
1269 970 1337 990 non
1361 970 1610 999 usquequaque
1635 966 1793 991 extrema
1825 966 1858 990 et
1892 962 1996 991 vehe-

202 1018 372 1049 mentiora
394 1022 522 1057 poetae
545 1017 759 1056 placuerunt,
784 1017 845 1046 sed
869 1016 1040 1046 interdum
1067 1016 1170 1046 etiam
1193 1025 1299 1045 aurea
1322 1015 1561 1045 mediocritate
1585 1015 1778 1045 delectatus
1804 1021 1865 1046 est.

271 1184 317 1215 18.
350 1183 633 1222 sslcz‘acal‘afmq’as
657 1183 749 1221 apud
772 1182 958 1212 Pindarum
984 1180 1096 1221 magis
1121 1181 1304 1220 separandi
1335 1181 1517 1220 quandam,
1546 1191 1650 1221 quam
1674 1181 1843 1212 vinciendi
1866 1182 1934 1211 vim

569 1243 603 1268 et
626 1242 782 1267 naturam
806 1237 944 1267 habere.
989 1236 1029 1266 Id
1052 1236 1164 1275 ipsum
1188 1235 1312 1274 quibus
1334 1235 1466 1266 indiciis
1490 1241 1634 1266 constet.

345 1329 531 1359 Absolutis
572 1327 621 1359 eis
662 1338 751 1367 quae
785 1328 828 1358 de
865 1327 1076 1367 Catatropae
1112 1328 1205 1366 apud
1242 1327 1429 1356 Pindarum
1463 1337 1525 1357 usu
1565 1327 1711 1357 dicenda
1751 1332 1868 1363 erant,
1908 1337 1997 1357 nunc

203 1385 348 1416 alteram
372 1384 475 1419 illam,
499 1394 566 1423 qua
590 1383 772 1422 omphalus
795 1382 1007 1417 terminatur,
1032 1382 1130 1421 quasi
1153 1387 1281 1412 metam
1306 1382 1582 1413 consideremus:
1606 1382 1915 1422 Jlsfacalalmpmn,
1930 1391 1998 1421 qua

201 1439 361 1470 carminis
394 1448 523 1474 cursus,
558 1442 690 1468 mutato
727 1437 921 1476 argumenti
954 1446 1094 1476 genere,
1125 1437 1169 1466 ad
1193 1436 1418 1475 sphragidem
1443 1436 1643 1467 traducitur.
1688 1436 1726 1466 In
1752 1436 1867 1476 prisco
1892 1435 1997 1475 epini-

204 1494 333 1524 ciorum
357 1503 496 1533 genere,
523 1493 567 1523 ad
590 1492 784 1532 Terpandri
808 1492 948 1531 regulas
971 1496 1178 1530 temperato,
1204 1500 1246 1520 ea
1269 1491 1362 1520 haud
1386 1491 1487 1520 dubie
1500 1491 1612 1530 poetis
1629 1490 1812 1530 singularis
1826 1490 1997 1530 quaedam

203 1558 287 1579 cura
310 1547 383 1584 fuit,
407 1552 443 1577 ut
465 1552 583 1587 partes
606 1546 771 1576 finitimae
796 1547 887 1576 clare
912 1546 1022 1576 altera
1043 1546 1086 1575 ab
1110 1546 1220 1576 altera
1254 1551 1524 1576 secernerentur.
1576 1545 1655 1576 Hoc
1689 1545 1801 1585 ipsum
1834 1550 1872 1575 ut
1905 1555 1997 1575 asse—

201 1607 397 1642 querentur,
419 1601 503 1632 nihil
527 1601 712 1641 quidquam
737 1600 910 1631 efficacius
935 1599 1130 1640 excogitari
1153 1600 1275 1639 potuit,
1299 1610 1403 1640 quam
1425 1600 1490 1630 hoc
1514 1599 1704 1637 artificium,
1728 1605 1765 1630 ut
1788 1604 1868 1639 post
1883 1609 1998 1630 rerum

201 1656 233 1686 in
259 1657 423 1696 omphalo
447 1660 665 1686 narratarum
688 1655 833 1694 copiam,
859 1660 1043 1694 antequam
1068 1656 1112 1685 ad
1136 1664 1263 1685 novom
1293 1655 1437 1685 aliarum
1469 1665 1581 1685 rerum
1605 1654 1760 1685 ordinem
1783 1655 1997 1689 transiretur,

201 1716 307 1751 poeta
330 1721 412 1741 suae
437 1711 491 1741 vel
514 1720 688 1750 personae
713 1711 766 1740 vel
790 1709 959 1740 amicitiae
980 1710 1035 1739 vel
1059 1709 1163 1739 officii
1186 1709 1237 1739 sui
1263 1710 1413 1748 aliquam
1429 1709 1631 1739 memoriam
1651 1709 1896 1748 interponeret.
1920 1709 1998 1739 Hac

201 1766 375 1796 mentione
398 1765 527 1795 inserta
549 1764 685 1802 nemini,
708 1774 837 1794 novom
860 1773 949 1794 nunc
973 1764 1154 1794 exordium
1179 1764 1327 1800 contexi,
1353 1765 1538 1794 obscurum
1568 1774 1644 1794 esse
1678 1769 1827 1803 poterat.
1872 1764 1946 1794 Iam
1970 1764 1998 1793 si

202 1819 236 1849 in
259 1820 459 1850 universum
483 1820 526 1849 de
549 1819 633 1849 artis
656 1828 795 1858 genere,
815 1828 882 1857 qua
905 1818 1075 1848 Pindarus
1091 1823 1404 1858 metacatatropam
1421 1818 1583 1848 tractavit
1600 1824 1634 1848 et
1652 1818 1812 1853 excoluit,
1836 1818 1996 1848 iudicium

201 1872 381 1903 ferendum
399 1872 452 1909 sit,
468 1872 517 1902 ita
534 1872 716 1902 dicendum
732 1871 809 1902 erit:
827 1872 858 1901 in
882 1877 1159 1912 metacatatropa
1177 1883 1252 1903 eum
1271 1873 1395 1912 magis,
1414 1883 1515 1912 quam
1529 1873 1561 1902 in
1575 1878 1756 1912 catatropa
1770 1873 1879 1903 veteri
1893 1873 1997 1912 epini-

202 1927 332 1957 ciorum
355 1936 497 1957 normae
521 1926 737 1960 adhaesisse3
762 1926 794 1955 in
817 1936 1010 1965 permagna
1038 1925 1127 1955 enim
1161 1931 1513 1964 metacatatroparum
1544 1931 1644 1965 parte
1677 1926 1744 1956 hoc
1778 1926 1997 1965 propositum

204 1981 369 2021 sequitur,
404 1985 442 2010 ut
474 1979 619 2010 finitima
650 1980 808 2010 carminis
840 1981 993 2010 membra
1025 1981 1320 2020 metacatatropis,
1345 1986 1507 2019 tanquam
1531 1981 1802 2020 gromaticorum
1826 1981 1858 2010 in
1881 1980 1996 2011 finium

202 2037 438 2076 regundorum
461 2041 534 2066 arte
559 2035 728 2065 distinctis
752 2035 959 2074 minimeque
985 2035 1097 2065 dubiis
1120 2035 1295 2070 limitibus,
1320 2035 1556 2064 distineantur.
1581 2034 1634 2063 Ex
1659 2034 1801 2074 triginta
1826 2035 1915 2064 enim
1934 2045 1996 2066 sex

202 2090 409 2121 carminibus
434 2091 554 2121 decem
578 2094 711 2120 tantum
736 2095 827 2120 sunt:
863 2090 915 2121 Ol.
944 2090 1020 2125 VII,
1046 2091 1098 2125 77;
1136 2090 1188 2121 Ol.
1210 2089 1302 2124 VIII,
1327 2090 1382 2127 54;
1414 2089 1514 2128 Pyth.
1544 2088 1603 2123 IV,
1628 2090 1701 2127 2633
1733 2089 1835 2128 Pyth.
1857 2088 1898 2125 V,
1924 2090 1995 2125 101;

200 2145 302 2185 Pyth.
326 2144 408 2180 XII,
432 2145 489 2182 22;
511 2144 609 2175 Nem.
633 2144 691 2180 ΠΙ,
716 2145 771 2181 65;
796 2144 892 2174 Nem.
917 2143 959 2179 V,
983 2145 1037 2181 40;
1061 2144 1158 2175 Nem.
1183 2144 1229 2179 X,
1253 2145 1307 2181 493
1331 2144 1413 2174 Isth.
1428 2143 1556 2179 HI‚55;
1581 2143 1662 2173 Isth.
1681 2143 1758 2178 VH,
1773 2144 1826 2179 59,
1850 2153 1996 2182 quorum

202 2203 478 2238 metacatatropa
500 2199 629 2228 nullam
652 2198 758 2237 ipsius
781 2203 909 2238 poetae
934 2198 1143 2229 mentionem
1168 2200 1283 2229 habet.
1329 2198 1459 2228 Verum
1484 2197 1641 2236 quamvis
1675 2196 1908 2227 confitendum
1943 2197 1995 2234 sit,

201 2258 498 2293 metaeatatropas
520 2253 721 2283 Pindaricas
744 2253 849 2292 longe
872 2253 1037 2292 plurimas
1061 2253 1273 2292 segregandi
1297 2253 1417 2292 magi&
1443 2262 1545 2292 quam
1568 2251 1738 2281 vinciendi
1755 2256 1789 2281 et
1810 2251 1995 2290 copulandi

201 2308 270 2338 vim
293 2308 435 2342 habere,
464 2312 580 2337 tamen
603 2317 731 2347 magna
754 2308 787 2337 in
813 2318 853 2337 eo
876 2307 952 2346 ipso
977 2307 1161 2346 separandi
1185 2307 1299 2337 studio
1325 2313 1377 2336 est
1401 2316 1518 2337 earum
1536 2306 1623 2335 inter
1637 2316 1674 2335 se
1692 2305 1883 2336 diversitas.
1907 2305 1994 2335 Nam

203 2372 292 2402 quae
317 2362 350 2391 in
374 2362 536 2401 omphale
565 2367 777 2401 exposuerat
793 2367 908 2401 poeta,
934 2368 991 2392 aut
1014 2361 1243 2401 praefractius
1269 2362 1496 2401 asperiusque
1519 2365 1577 2390 aut
1600 2359 1709 2390 lenius
1732 2359 1915 2398 mitiusque
1939 2360 1996 2389 ab·

202 2416 313 2455 rumpi
339 2420 372 2446 et
395 2416 427 2446 in
450 2426 579 2446 novom
603 2416 701 2455 quasi
734 2416 871 2446 alveum
902 2417 1024 2447 deduci
1059 2422 1231 2456 poterant.
1279 2416 1401 2455 Itaque
1426 2415 1456 2445 in
1480 2419 1832 2453 metacatatroparum
1857 2423 1996 2452 quoque

1796 2467 1834 2491 111
