2222 2987
681 824 1000 879 RECTOR
1035 824 1136 876 ET
1176 824 1536 879 SENATVS

397 947 794 985 VNIVERSITATIS
821 946 1153 984 FRIDERICIAE
1182 947 1507 986 GVILELMIAE
1533 946 1819 984 RHENANAE

1022 1052 1194 1092 GIVIBVS

1095 1161 1131 1200 S.

333 1306 359 1336 1.
404 1304 593 1335 Pindarum
614 1304 742 1344 ingenii
767 1305 934 1344 impetum
957 1304 1092 1334 traditis
1117 1304 1150 1334 in
1173 1311 1248 1335 arte
1271 1304 1400 1334 normis
1425 1310 1459 1334 et
1481 1303 1619 1343 legibus
1642 1309 1872 1343 temperasse.

355 1396 449 1426 Nihil
479 1396 513 1426 in
546 1396 668 1426 artium
702 1396 964 1435 litterarumque
997 1396 1143 1427 historia
1164 1396 1299 1436 gratius
1324 1403 1358 1427 et
1381 1396 1560 1427 iucundius
1587 1402 1648 1431 est,
1674 1406 1779 1436 quam
1801 1396 1885 1425 illud
1908 1396 2003 1436 cogi-

204 1453 309 1482 tando
342 1451 513 1491 persequi,
549 1451 842 1490 quemadmodum
876 1460 1005 1490 magna
1036 1461 1174 1490 semper
1208 1451 1349 1491 ingenia
1385 1452 1470 1481 duas
1501 1461 1558 1481 res
1585 1456 1709 1481 natura
1736 1460 1798 1481 sua
1821 1450 2003 1490 oppositas

206 1506 389 1538 conciliare
411 1506 501 1536 inter
526 1515 563 1536 se
587 1512 621 1536 et
652 1506 817 1545 copulare
853 1505 1112 1536 consueverint:
1147 1506 1301 1545 pectoris
1329 1512 1363 1536 et
1386 1505 1514 1546 ingenii
1536 1505 1684 1536 liberum
1708 1505 1875 1544 impetum
1899 1511 1933 1535 et
1956 1505 2004 1534 di-

209 1562 375 1601 sciplinae
399 1561 584 1600 antiquitus
608 1561 641 1590 in
665 1567 739 1590 arte
763 1560 912 1590 traditae
936 1567 970 1590 et
994 1560 1167 1591 stabilitae
1191 1560 1459 1591 observantiam.
1504 1559 1635 1590 Verum
1665 1566 1717 1590 est
1737 1560 1887 1599 quidem,
1911 1559 2005 1599 quod

209 1616 342 1647 dicunt:
380 1618 507 1656 Magna
531 1615 670 1655 ingenia
693 1615 757 1645 sibi
782 1615 858 1654 ipsa
878 1624 942 1654 pro
967 1615 1046 1654 lege
1073 1625 1165 1649 esse:
1194 1615 1278 1645 artis
1300 1615 1398 1655 leges
1423 1625 1464 1645 ea
1487 1615 1563 1654 ipsa
1587 1625 1631 1645 ex
1653 1625 1730 1645 sese
1754 1624 1889 1654 parere.
1934 1613 2006 1645 Sed

206 1681 372 1711 magnum
395 1680 532 1709 semper
554 1670 744 1709 periculum
769 1676 831 1703 est,
854 1680 898 1699 ne
921 1669 1060 1708 ingenia
1083 1670 1182 1699 nullis
1206 1670 1343 1709 legibus
1367 1670 1600 1709 limitibusque
1619 1669 1775 1699 externis
1797 1669 1949 1699 coercita
1972 1669 2006 1698 in

205 1725 358 1756 furorem
390 1725 564 1765 quendam
594 1725 767 1763 poeticum
803 1724 1029 1763 abripiantur.
1064 1734 1183 1754 veram
1219 1730 1329 1754 artem
1352 1724 1520 1755 amittant.
1566 1723 1726 1758 Accedit,
1751 1724 1848 1762 quod
1871 1732 2007 1753 summa

206 1781 410 1820 plerumque
442 1779 581 1819 ingenia
615 1779 733 1808 innata
767 1779 919 1818 quadam
952 1778 1123 1808 modestia
1153 1778 1390 1817 prohibentur,
1425 1787 1468 1806 ne
1492 1787 1542 1811 ea,
1567 1787 1658 1816 quae
1683 1776 1835 1816 optimus
1859 1776 2006 1816 quisque

208 1841 287 1866 ante
312 1845 349 1865 se
371 1835 510 1869 invenit,
535 1840 666 1865 temere
691 1839 857 1873 spernant
876 1833 931 1863 vel
955 1833 1153 1872 neglegant.
1182 1832 1305 1871 Itaque
1329 1832 1397 1861 duo
1421 1831 1520 1870 quasi
1544 1831 1716 1870 principia
1739 1830 1773 1860 in
1795 1840 2006 1860 summorum

209 1898 346 1929 semper
369 1888 538 1919 artificum
562 1887 698 1918 officina
721 1887 891 1917 habitant:
916 1886 1038 1927 genius
1064 1887 1097 1916 in
1120 1892 1272 1926 pectore.
1297 1895 1432 1916 sursum
1457 1885 1597 1915 evolare
1630 1890 1736 1924 atque
1759 1885 1847 1915 haec
1868 1891 2006 1915 terrena

207 1944 402 1983 relinquere
425 1943 575 1982 cupiens,
599 1948 633 1973 et
658 1952 781 1972 severa
803 1942 861 1971 lex
891 1941 1103 1980 disciplinae,
1135 1949 1309 1980 nunquam
1335 1940 1473 1978 impune
1503 1939 1677 1977 neglecta.
1720 1938 1841 1978 Atque
1866 1944 1918 1969 est
1940 1939 2006 1969 hoc

207 2008 360 2029 summae
384 1999 467 2028 artis
490 1998 704 2037 mysterium,
730 1998 817 2027 haec
841 1997 910 2026 duo
935 1996 967 2026 in
990 2005 1093 2025 unam
1118 1995 1334 2025 harmoniam
1368 1994 1587 2032 coniungere.
1642 1992 1782 2027 Eorum,
1820 1993 1878 2033 qui
1916 1994 2006 2023 hanc

207 2053 430 2083 concordiam
463 2052 657 2082 discordem
693 2051 924 2091 pulcherrime
963 2055 1220 2089 expresserunt,
1254 2058 1342 2078 unus
1376 2048 1469 2077 haud
1492 2047 1598 2077 dubie
1622 2046 1797 2077 Pindarus
1823 2053 1884 2086 est,
1910 2048 2005 2078 cuius

209 2117 284 2137 cum
308 2106 458 2137 carmina
480 2107 590 2145 legas,
613 2105 714 2136 facile
738 2106 924 2145 suspicere,
958 2115 1093 2144 magno,
1124 2113 1318 2143 permagno
1341 2103 1512 2132 interdum
1536 2102 1583 2131 illi
1606 2107 1791 2141 poetarum
1816 2102 1891 2141 regi
1914 2103 2002 2132 hanc

206 2160 335 2200 ingenii
359 2161 403 2190 ad
425 2166 519 2190 astra
542 2160 716 2191 tendentis
739 2170 816 2190 curn
840 2159 924 2189 artis
947 2159 1077 2199 regulis
1101 2158 1377 2189 conciliationem
1401 2156 1606 2187 constitisse.
1653 2156 1788 2186 Etenim
1812 2156 1870 2186 ille
1894 2158 2003 2186 monte

206 2215 388 2244 decurrens
409 2214 502 2244 velut
524 2212 646 2249 amnis,
672 2213 793 2243 imbrrs
816 2213 827 2253 ξ]
851 2223 947 2254 quem
970 2215 1070 2253 supcr
1094 2214 1190 2242 notas
1210 2211 1325 2241 alacre
1349 2210 1453 2251 ripas.
1484 2216 1601 2240 tamen
1638 2211 1811 2250 patienter
1847 2217 1881 2240 et
1912 2220 2006 2240 man-

210 2275 306 2300 suete
330 2268 560 2300 subtilissimis
584 2269 650 2298 illis
674 2279 712 2299 se
737 2268 874 2308 legibus
899 2268 1075 2306 submittit,
1099 2277 1185 2306 quas
1210 2266 1434 2306 epiniciorum
1458 2271 1614 2295 veterum
1640 2275 1696 2295 ars
1717 2265 2004 2304 praescripserat,

208 2329 242 2353 et
272 2322 399 2353 flumen
422 2324 508 2353 illud
529 2323 662 2363 ingens,
686 2323 796 2362 plenis
820 2322 920 2352 undis
944 2332 980 2352 se
1004 2320 1193 2355 effundens,
1218 2320 1251 2350 in
1274 2324 1424 2359 angusto
1447 2319 1620 2349 interdum
1642 2320 1754 2355 alveo,
1788 2319 2004 2350 tenuioribus

208 2377 327 2408 rivolis
361 2378 554 2417 commodo,
591 2388 628 2408 se
667 2377 828 2408 continet.
884 2376 999 2406 Tanta
1033 2375 1067 2405 in
1100 2375 1369 2415 generosissimo
1402 2381 1544 2413 pectore
1572 2374 1805 2413 temperantia
1834 2374 1906 2406 fuit.
1931 2379 2004 2403 tan-

209 2436 281 2461 tum
304 2431 484 2471 imperium
507 2431 567 2463 sui.
