2222 2987
1064 267 1156 298 XIX

213 359 324 390 manis
349 365 458 390 tutum
482 360 590 390 videri
613 365 743 399 posset,
778 359 1023 390 insurrexerat.
1079 360 1249 390 Pindarus
1272 361 1464 392 modestiae
1488 372 1620 393 memor
1649 365 1763 405 pergit
1787 366 1865 398 Isth.
1889 367 1915 402 I,
1939 369 2006 400 60.-

208 414 316 446 πάντα
350 417 377 445 δ’
412 415 553 452 ἐξειπεῖν,
586 413 636 445 ὅσ’
672 413 809 452 ἀγώνιος
838 413 957 452 Ἑρμᾶς
989 412 1000 454 Η
1027 414 1191 455 Ἡροδότῳ
1222 415 1336 454 ἔπορεν
1359 415 1370 455 Η
1401 415 1518 454 ἵπποις,
1548 417 1728 456 ἀφαιρεῖται
1755 421 1854 458 βραχὺ
1888 422 2004 461 μέτρον

207 468 293 507 ἔχων
315 467 327 508 Η
351 468 452 506 ὕμνος
475 494 481 499 .
504 467 522 506 ἦ
548 469 609 506 μὰν
644 467 779 499 πολλάκι
812 468 863 498 καὶ
893 468 930 498 τό
965 469 1198 506 σεσωπαμένον
1233 469 1383 507 εὐθυμίαν
1419 470 1513 507 μείζω
1546 471 1646 509 φέρει.
1680 489 1720 493 —
1750 472 1835 503 Post
1859 475 2004 505 eximias

211 522 445 552 Aeacidarum
463 527 496 552 et
507 522 759 561 Aeginetarum
776 522 896 551 laudes
912 521 945 551 in
963 522 1125 561 omphalo
1142 522 1320 562 expositas
1333 524 1422 554 hunc
1435 523 1466 553 in
1480 525 1619 554 modum
1632 527 1747 566 pergit
1762 526 1840 558 lsflz.
1860 528 1922 564 IV,
1939 531 2006 561 46.-

208 577 314 608 πολλὰ
337 577 394 614 μὲν
417 576 568 614 ἀρτιεπὴς
591 576 602 616 Η
625 575 759 613 γλῶσσά
784 586 835 614 μοι
857 576 1021 614 τοξεύματ’
1046 576 1109 614 ἔχει
1131 577 1202 615 περὶ
1224 577 1335 609 κείνων
1358 577 1369 617 Η
1394 579 1568 617 κελαρύσαι
1592 605 1597 610 .
1621 605 1626 610 .
1650 606 1655 610 .
1679 579 1691 620 Η
1715 606 1719 611 .
1745 607 1750 612 .
1776 606 1781 612 .
1800 580 1812 621 Η
1827 591 1857 611 v.
1875 584 1913 613 51
1935 583 2003 614 ἀλλ’

208 630 298 670 ὅμως
321 631 466 670 καύχημα
489 631 664 669 κατάβρεχε
689 632 773 670 σιγᾷ.
797 647 838 651 ——
861 629 969 661 Simili
992 632 1095 660 modo
1121 631 1289 670 expositis
1312 632 1345 661 in
1369 633 1532 672 omphalo
1556 633 1719 664 Hieronis
1743 636 1877 666 eximiis
1905 638 2003 667 meri-

208 685 253 715 tis
278 684 310 714 in
333 690 608 723 metacatatropa
633 694 751 714 rursus
775 685 818 714 ab
843 684 998 715 omnibus
1022 686 1126 715 rebus
1150 686 1261 715 nimiis
1285 686 1526 717 abstinendum
1550 698 1636 724 esse,
1660 688 1693 718 in
1714 694 1871 729 tempore
1887 698 2004 722 monet

208 738 302 781 Pyth.
325 739 352 775 I,
374 739 415 772 81
426 751 437 769 .·
467 739 578 778 καιρὸν
606 739 632 770 εἰ
660 739 823 777 φθέγξαιο,
856 740 985 770 πολλῶν
1008 739 1142 777 πείρατα
1166 740 1385 779 συντανύσαις
1406 739 1418 781 Η
1441 742 1475 772 ἐν
1501 744 1618 781 βραχεῖ,
1643 742 1739 780 μείων
1762 743 1870 775 ἕπεται
1894 747 2004 783 μῶμος

209 794 396 833 ἀνθρώπων.
431 794 494 825 ἀπὸ
527 794 588 832 γὰρ
620 793 716 831 κόρος
750 793 899 832 ἀμβλύνει
932 792 944 833 Η
979 818 983 822 .
1009 819 1013 823 .
1035 819 1039 824 .
1063 794 1194 832 ταχείας
1218 795 1356 833 ἐλπίδας.
1388 813 1425 816 -
1460 796 1598 826 Deinde
1631 802 1711 835 post
1746 798 1831 829 duas
1865 799 1898 829 in
1931 809 2001 830 om-

209 849 316 889 phalo
340 850 382 879 de
406 848 602 879 clarissimis
626 847 800 883 Aeacidis,
825 848 934 878 Aiace
959 853 993 878 et
1016 848 1256 888 Neoptolemo,
1282 848 1428 886 fabulas,
1460 850 1601 880 laudata
1634 851 1759 882 eximie
1791 863 1911 883 eorum
1942 864 2002 893 pa-

209 903 275 934 tria
297 903 445 943 Aegina,
468 902 642 933 fastidium
665 907 699 932 et
722 902 918 932 satietatem
942 903 996 932 vel
1019 902 1050 931 in
1078 903 1364 942 praeclarissimis
1396 905 1500 935 rebus
1529 905 1669 935 vitanda
1689 905 1858 937 Pindarus
1886 914 2005 939 censet

207 957 305 989 Nem.
337 957 405 988 VII
420 957 482 989 52:
519 957 601 988 ἀλλὰ
632 957 692 995 γὰρ
730 957 911 995 ἀνάπαυσις
940 957 974 988 ἐν
1007 957 1101 987 παντὶ
1133 957 1262 993 γλυκεῖα
1296 958 1395 998 {mus
1418 958 1516 997 κόρον
1540 958 1566 990 δ’
1591 959 1654 998 ἔχει
1677 959 1688 1000 Η
1710 961 1760 991 καὶ
1784 962 1852 999 μέλι
1885 963 1936 993 καὶ
1964 963 2003 993 τὰ

206 1011 316 1050 τέρπν’
339 1010 425 1042 ἄνθε’
449 1010 649 1049 Ἀφροδίσια.

357 1065 448 1096 Tota
469 1065 575 1105 igitur
597 1066 684 1095 haec
707 1065 827 1095 classis
850 1071 1156 1105 metacatatropas‚
1180 1076 1267 1105 quas
1290 1066 1524 1107 abrzcmficnfcs
1547 1079 1672 1099 vocare
1695 1069 1878 1109 possimus,
1910 1081 2003 1102 com-

207 1120 405 1160 prehendit;
439 1120 621 1159 omphalus
655 1120 757 1150 modo
783 1119 910 1156 durius,
942 1120 1046 1150 modo
1069 1120 1178 1150 lenius
1203 1122 1427 1161 abrumpitur.
1473 1122 1561 1152 Illud
1586 1133 1723 1163 quoque
1746 1125 1904 1164 quaesitu
1928 1127 2003 1166 dig-

207 1184 288 1204 num
311 1174 421 1205 videri
444 1174 563 1214 possit,
599 1174 652 1204 cui
690 1174 917 1213 potissumum
951 1180 1233 1213 argumentorum
1258 1175 1291 1204 in
1314 1176 1478 1215 omphalo
1501 1177 1622 1216 generi
1647 1178 1734 1208 haec
1758 1184 2002 1210 metacatatro-

206 1238 327 1269 parum
353 1229 463 1259 forma
485 1229 628 1268 propria
651 1229 703 1259 sit.
728 1228 862 1258 Etenim
887 1229 954 1259 duo
979 1234 1056 1259 sunt
1080 1229 1318 1267 omphalorum
1342 1231 1478 1261 omnino
1501 1241 1648 1271 genera:
1672 1233 1828 1268 alterum,
1853 1235 1947 1273 quod
1970 1235 2004 1264 in

206 1283 333 1314 fabulis
355 1283 515 1324 mythicis
539 1284 740 1314 enarrandis
764 1289 931 1319 versatur,
956 1284 1111 1319 alterum,
1138 1284 1230 1323 quod
1259 1285 1362 1314 rebus
1387 1290 1420 1314 et
1443 1285 1572 1315 meritis
1596 1286 1767 1317 victorum
1792 1289 2003 1319 exornandis

205 1337 417 1368 destinatum
441 1343 502 1368 est.
548 1338 622 1368 Iam
648 1338 675 1367 si
700 1348 917 1377 quaeramus,
941 1338 1186 1377 abrumpentes
1210 1339 1446 1378 metaphorae,
1467 1340 1532 1369 utri
1546 1341 1658 1380 magis
1677 1342 1892 1378 conveniant,
1909 1343 2003 1382 prius

206 1392 290 1422 illud
314 1402 434 1432 genuS,
469 1393 667 1432 mythicum,
703 1392 927 1423 violentiores
961 1392 1023 1422 has
1053 1393 1254 1422 transeundi
1279 1394 1323 1422 ad
1344 1394 1570 1434 sphragidem
1594 1395 1760 1426 formulas
1785 1397 1898 1436 magis
1921 1398 2002 1428 ada-

206 1455 312 1481 mare,
336 1447 497 1486 exempla
520 1446 596 1486 ipsa
622 1447 778 1486 inspecta
801 1447 893 1477 clare
917 1457 981 1477 nos
1008 1447 1166 1476 edocent.
1224 1446 1367 1492 Septem
1391 1448 1481 1478 enim
1504 1450 1711 1480 carminibus
1732 1451 1798 1481 hoc
1822 1462 2003 1483 commune

208 1504 272 1536 est,
297 1500 391 1540 quod
416 1501 614 1540 omphalum
638 1501 825 1540 mythicum
849 1501 992 1531 habent:
1026 1501 1129 1540 Pyth.
1160 1501 1206 1539 X,
1235 1501 1331 1532 Nem.
1357 1501 1416 1537 IV,
1441 1503 1542 1542 Pyth.
1566 1503 1630 1539 XI,
1656 1504 1737 1535 Isth.
1760 1505 1802 1539 V,
1828 1505 1880 1535 Ol.
1904 1506 2002 1542 XIH,

206 1555 290 1585 Isth.
314 1555 373 1594 IV,
396 1556 494 1586 Nem.
519 1555 595 1587 VII.
640 1555 720 1586 Duo
745 1561 877 1586 tantum
902 1561 988 1591 sunt,
1013 1565 1160 1595 quorum
1183 1556 1336 1595 omphali
1359 1556 1392 1586 in
1416 1557 1518 1587 rebus
1542 1557 1711 1588 victorum
1733 1560 1895 1589 ornandis
1917 1561 2003 1590 inte-

205 1610 262 1650 gri
287 1611 525 1641 absumuntur:
548 1610 631 1641 Isth.
655 1610 671 1640 I
695 1615 730 1641 et
752 1610 854 1650 Pyth.
878 1610 904 1641 Ι.
948 1610 1048 1640 Hanc
1070 1620 1143 1640 rem
1177 1610 1205 1639 si
1235 1615 1329 1640 recte
1356 1617 1564 1650 reputemus,
1591 1611 1691 1643 facile
1713 1612 1746 1642 in
1771 1623 1846 1643 earn
1871 1614 2002 1653 opinio-

206 1673 286 1694 nem
313 1665 534 1701 adducamur,
569 1665 684 1704 prisco
720 1664 950 1704 potissumum
986 1664 1034 1694 illi
1059 1663 1281 1703 epiniciorum
1304 1665 1426 1704 generi
1448 1671 1745 1706 metacatatropas
1768 1667 1843 1698 illas
1868 1669 2003 1699 abrum-

205 1723 329 1757 pentes
353 1724 535 1750 consuetas
558 1719 672 1750 fuisse.
718 1719 756 1749 In
773 1719 822 1749 eis
846 1719 934 1750 enim
960 1719 1000 1755 ei,
1025 1719 1156 1758 opinor,
1182 1719 1343 1758 omphali‚
1373 1729 1518 1759 quorum
1551 1727 1792 1761 argumentum
1815 1723 2002 1762 mythicum

206 1778 309 1810 esset,
333 1773 562 1813 principatum
585 1779 777 1804 tenuerunt.

355 1827 505 1858 Accedit
537 1829 641 1868 quod,
675 1828 703 1859 si
732 1833 1086 1868 metacatatroparum
1121 1828 1398 1866 abrumpentium
1432 1828 1515 1858 illud
1539 1828 1721 1860 artificium
1743 1840 1807 1870 per
1830 1840 1868 1861 se
1890 1831 2002 1871 ipsum

206 1886 354 1921 specteS,
379 1882 485 1922 longe
508 1883 621 1922 magis
644 1883 815 1922 omphalis
840 1883 898 1918 eis,
922 1882 981 1922 qui
1005 1893 1025 1913 a
1051 1883 1153 1913 laude
1180 1882 1322 1913 victoris
1339 1888 1581 1922 argumentum
1598 1884 1662 1914 sibi
1678 1890 1811 1924 petunt,
1830 1885 2001 1921 convenit,

205 1945 311 1976 quam
334 1937 507 1977 mythicis;
530 1947 610 1967 nam
630 1937 665 1968 in
687 1939 837 1968 humana
860 1937 998 1968 fortuna
1021 1937 1229 1968 celebranda
1252 1936 1330 1967 talis
1354 1938 1398 1967 ad
1421 1948 1558 1968 cursum
1581 1938 1803 1970 inhibendum
1829 1946 1862 1970 et
1896 1940 2001 1972 refre-

205 1991 357 2021 nandum
380 1992 577 2022 exhortatio
601 1993 781 2032 aptissima
803 1993 914 2023 videri
937 1993 1050 2023 debet.
1075 1991 1113 2022 In
1136 1990 1392 2021 narrationibus
1415 1992 1575 2032 mythicis
1596 1992 1688 2023 idern
1714 1993 1797 2023 illud
1822 1993 2002 2025 artificium

205 2044 379 2075 rudiorem
402 2045 560 2085 profecto
584 2047 758 2086 quendam
782 2047 866 2077 artis
892 2047 1078 2077 etiamtunc
1101 2056 1199 2076 usum
1224 2045 1404 2085 significat.
1463 2045 1696 2086 Quamobrem
1718 2048 2002 2079 verisimillimum

205 2102 269 2134 est,
294 2098 491 2139 Pindarum,
516 2110 585 2140 qua
607 2100 671 2131 fuit
694 2111 808 2131 rerum
833 2101 1036 2140 antiquitate
1058 2104 1270 2130 sacratarum
1294 2100 1526 2136 veneratione,
1552 2102 1639 2131 tales
1661 2101 1827 2133 formulas
1844 2113 1864 2132 a
1880 2103 2002 2143 priscis

204 2151 240 2182 in
273 2153 371 2192 poesi
405 2154 579 2194 magistris
612 2155 790 2195 accepisse
826 2155 944 2195 eisque
979 2154 1186 2185 carminibus
1223 2155 1346 2194 quibus
1380 2155 1594 2195 antiquitatis
1626 2166 1786 2195 saporem
1810 2157 2002 2187 admixtum

203 2207 321 2243 vellet,
344 2207 538 2239 inseruisse.
